@phdthesis{K2006,
  author="Piyush P Kurur",
  title="Complexity upper bounds using permutation group theory",
  school="Institute of Mathematical Sciences",
  address="Chennai, India",
  year="2006"
}
