@string{FIRST =  {first}}
@string{SECOND = {second}}
@string{THIRD =  {third}}


@string{AA = 	 {Acta Arithmetica}}
@string{AAECC =  {Applicable Algebra in Engineering, Communication and Computing}}
@string{AdAM = 	 {Advances in Applied Mathematics}}
@string{AdAP = 	 {Advances in Applied Probability}}
@string{AdCM = 	 {Advances in Computational Mathematics}}
@string{AI = 	 {Artificial Intelligence}}
@string{AnAP = 	 {Annals of Applied Probability}}
@string{ACM =	 {ACM}} % Association for Computing Machinery
@string{ACMCS =  {ACM Computing Surveys}}
@string{ACMTPLS = {ACM Transactions on Programming Languages and Systems}}
@string{ADM = 	 {Annals of Discrete Mathematics}}
@string{Aeq = 	 {Aequationes Mathematicae}}
@string{AI = 	 {Acta Informatica}}
@string{AM = 	 {Advances in Mathematics}}
@string{AMM = 	 {American Mathematical Monthly}}
@string{AmJM = 	 {American Journal of Mathematics}}
@string{AmMM = 	 {American Mathematical Monthly}}
@string{AnAP = 	 {Annals of Applied Probability}}
@string{AnC = 	 {Annals of Combinatorics}}
@string{AnM = 	 {Annals of Mathematics}}
@string{ANYAS =  {Annals of the New York Academy of Sciences}}
@string{AP = 	 {Annals of Probability}}
@string{ASMQ =	 {Annales des Sciences Math\'ematiques du Qu\'ebec}}
@string{AuJM = 	 {Australian Journal of Mathematics}}
@string{BAMS =   {Bulletin of the American Mathematical Society}}
@string{BLMS = 	 {Bulletin of the London Mathematical Society}}
@string{BIT = 	 {BIT}}
@string{BSMF = 	 {Bulletin de la Soci{\'e}t{\'e} Math{\'e}matique de France}}
@string{BSTJ = 	 {Bell System Technology Journal}}
@string{BURO = 	 {Cahiers du Bureau Universitaire de Recherche Op{\'e}rationnelle}}
@string{CACM = 	 {Communications of the ACM}}
@string{CJ = 	 {Computer Journal}}
@string{CJM = 	 {Canadian Journal of Mathematics}}
@string{CPC = 	 {Combinatorics, Probability and Computing}}
@string{CMA = 	 {Computers and Mathematics with Applications}}
@string{CRAS = 	 {Comptes--Rendus de l'Acad{\'e}mie des Sciences}}
@string{CMB = 	 {Canadian Mathematical Bulletin}}
@string{COMB = 	 {Combinatorica}}
@string{COR = 	 {Computers and Operation Research}}
@string{Crelle = {Journal f{\"u}r die reine und angewandte Mathematik}}
@string{DAM = 	 {Discrete Applied Mathematics}}
@string{DCG = 	 {Discrete and Computational Geometry}}
@string{DM = 	 {Discrete Mathematics}}
@string{DMTCS =  {Discrete Mathematics and Theoretical Computer Science}}
@string{EUJC = 	 {European Journal of Combinatorics}}
@string{EJC = 	 {Electronic Journal of Combinatorics}}
@string{EJOR = 	 {European Journal of Operational Research}}
@string{EVOCOM = {Evolutionary Computation}}
@string{EM = 	 {L'enseignement Math{\'e}matique}}
@string{EmW = 	 {Enzyklopedie der mathematischen Wissenschaften}}
@string{ExM = 	 {Expositiones Mathematicae}}
@string{FM = 	 {Fundamenta Mathematicae}}
@string{FQ = 	 {Fibonacci Quarterly}}
@string{IC = 	 {Information and Control}}
@string{IEEE =   {IEEE}}
@string{IEEEIT = {IEEE Transactions on Information Theory}}
@string{IEEEEC = {IEEE Transactions on Evolutionary Computation}}
@string{IEEEPAMI = {IEEE Transactions on Pattern Analysis and Machine Intelligence}}
@string{IJCM = 	 {International Journal of Computer Mathematics}}
@string{IJM = 	 {Illinois Journal of Mathematics}}
@string{IsJM = 	 {Israel Journal of Mathematics}}
@string{IJFCS =  {International Journal of Automation and Computing}}
@string{IJAC =   {International Journal of Foundations of Computer Science}}
@string{IM = 	 {Indagationes Mathematicae}}
@string{INRIA =  {Institut National de Recherche en Informatique et en Automatique}}
@string{IRIA = 	 {Institut de Recherche en Informatique et en Automatique}}
@string{IPL = 	 {Information Processing Letters}}
@string{JA = 	 {Journal of Algorithms}}
@string{JAC = 	 {Journal of Algebraic Combinatorics}}
@string{JACM = 	 {Journal of the ACM}}
@string{JALC = 	 {Journal of Automata, Languages, and Combinatorics}}
@string{JAMSA =  {Journal of Applied Mathematics and Stochastic Analysis}}
@string{JAP = 	 {Journal of Applied Probability}}
@string{JAuMS =  {Journal of the Australian Mathematical Society}}
@string{JCAM = 	 {Journal of Computational and Applied Mathematics}}
@string{JCP = 	 {Journal of Computational Physics}}
@string{JCSS = 	 {Journal of Computer and System Sciences}}
@string{JCT =	 {Journal of Combinatorial Theory}}
@string{JCTA = 	 {Journal of Combinatorial Theory, {\rm {S}eries {A}}}}
@string{JCTB = 	 {Journal of Combinatorial Theory, {\rm {S}eries {B}}}}
@string{JFA =	 {Journal of Functional Analysis}}
@string{JIMS =	 {Journal of the Indian Mathematical Society}}
@string{JLMS = 	 {Journal of the London Mathematical Society}}
@string{JMAA = 	 {Journal of Mathematical  Analysis and  Applications}}
@string{JMMA = 	 {Journal of Modelling and Algorithms}}
@string{JMP = 	 {Journal of Mathematical Physics}}
@string{JNT = 	 {Journal of Number Theory}}
@string{JPA =	 {Journal of Physics {\rm {S}eries {A}}}}
@string{JPAMG =	 {Journal of Physics A: Mathematical and General}}	% details ???
@string{JSIAM =  {Journal of the Society for Industrial and Applied Mathematics}}
@string{JSC = 	 {Journal of Symbolic Computation}}
@string{JSL = 	 {Journal of Symbolic Logic}}
@string{LABRI =	 {Laboratoire Bordelais de Recherche en Informatique}}
@string{LMC = 	 {Laboratoire de Mod{\'e}lisation et Calcul. IMAG}}
@string{LNCS = 	 {Lecture Notes in Computer Science}}
@string{LNM = 	 {Lecture Notes in Mathematics}}
@string{LRI = 	 {Laboratoire de Recherche en Informatique, Universit\'e de Paris XI}}
@string{MA = 	 {Mathematische Annalen}}
@string{MC = 	 {Mathematics of Computation}}
@string{MI = 	 {Mathematical Intelligencer}}
@string{MIT = 	 {MIT Press}}
@string{MM = 	 {Math. Magazine}}
@string{MOR=	 {Mathematics of Operations Research}},
@string{MPCPS =  {Mathematical Proceedings of the Cambridge Philosophical Society}}
@string{MSM = 	 {M\'emorial des Sciences Math\'ematiques}}
@string{MST = 	 {Mathematical Systems Theory}}
@string{MZ = 	 {Mathematische Zeitschrift}}
@string{NM = 	 {Numerische Mathematik}}
@string{NC = 	 {Natural Computing}}
@string{OR =	 {Operations Research}}
@string{PAMS = 	 {Proceedings of the American Mathematical Society}}
@string{PCPS = 	 {Proceedings of the Cambridge Philosophical Society}}
@string{PEIS = 	 {Probability in the Engineering and Informational Sciences}}
@string{PJM = 	 {Pacific Journal of Mathematics}}
@string{PLMS = 	 {Proceedings of the London Mathematical Society}}
@string{PLMS2 =  {Proceedings of the London Mathematical Society, {\rm Series~2}}}
@string{PNASUSA = {Proceedings of the National Academy of Sciences of the USA}}
@string{PRL    = {Physical Review Letters}}
@string{PTRF = 	 {Probability Theory and Related Fields}}
@string{QJMO = 	 {Quarterly Journal of Mathematics, Oxford Series}}
@string{RAIROTIA = {RAIRO Theoretical Informatics and Applications}}
@string{RSA = 	 {Random Structures and Algorithms}}
@string{SIAM =   {SIAM}}
@string{SIAMAM = {SIAM Journal on Applied Mathematics}}
@string{SIAMDM = {SIAM Journal on Discrete Mathematics}}
@string{SIAMADM= {SIAM Journal on Algebraic and Discrete Methods}}
@string{SICOMP = {SIAM Journal on Computing}}
@string{SIAMMA = {SIAM Journal on Mathematical Analysis}}
@string{SIAMNA = {SIAM Journal on Numerical Analysis}}
@string{SIGSAM = {SIGSAM Bulletin}}
@string{SLC =	 {S{\'e}minaire Lotharingien de Combinatoire}}
@string{SPA =	 {Stochastic Processes and Applications}}
@string{SSMH = 	 {Studia Scientiarum Mathematicarum Hungarica}}
@string{SAM =	 {Studies in Applied Mathematics}}
@string{Steklov= {Proceedings of the Steklov Institute of Mathematics}}
@string{TAMS = 	 {Transactions of the American Mathematical Society}}
@string{TCS = 	 {Theoretical Computer Science}}
@string{TCSA = 	 {Theoretical Computer Science, Series A}}
@string{TCSB = 	 {Theoretical Computer Science, Series B}}
@string{TPA = 	 {Theory of Probability and Applications}}
@string{TrAMS =  {Transactions of the American Mathematical Society}}
@string{TSI = 	 {Technique et Science Informatiques}}
@string{UQAM =	 {Universit{\'e} du Qu{\'e}bec {\`a} Montr{\'e}al}}
@string{ZAM =	 {Zentralinstitut f{\"u}r Angewandte Mathematik}}
@string{ZW = 	 {Zeitschrift f{\"u}r Wahrscheinlichkeitstheorie}}