@article{JKL2013,
year={2014},
issn={0178-4617},
journal={Algorithmica},
volume={68},
number={1},
doi={10.1007/s00453-013-9784-1},
title={Evolutionary Algorithms for Quantum Computers},
url={http://dx.doi.org/10.1007/s00453-013-9784-1},
publisher={Springer US},
keywords={Theory; Evolutionary computation; Quantum algorithm; Runtime analysis},
author={Johannsen, Daniel and Kurur, Piyush P. and Lengler, Johannes},
pages={152-189},
language={English}
}
