@INPROCEEDINGS{Aaronson04:LowerBoundsLocal,
  author = {Aaronson, S.},
  title = {Lower Bounds for Local Search by Quantum Arguments},
  booktitle = FOCS04,
  publisher = IEEE,
  year = {2004},
  pages = {465--474},
}

@INPROCEEDINGS{Ambainis08,
  author = {Ambainis, A.},
  title = {Quantum Random Walks --- New Method for Designing Quantum Algorithms},
  booktitle = SOFSEM08,
  series = {LNCS},
  volume = {4910},
  publisher = {Springer},
  year = {2008},
  pages = {1--4},
}

@INPROCEEDINGS{BerzinaDFLS04,
  author = {Berzina, A. and Dubrovsky, A. and Freivalds, R. and Lace, L. and Scegulnaja, O.},
  title = {Quantum Query Complexity for Some Graph Problems},
  booktitle = SOFSEM04,
  series = {LNCS},
  volume = {2932},
  publisher = {Springer},
  year = {2004},
  pages = {140--150},
}

@INPROCEEDINGS{brassard98quantum,
  author = {Brassard, G. and H{\o}yer, P and Tapp, A.},
  title = {Quantum Counting},
  booktitle = ICALP98,
  series = {LNCS},
  volume = {1443}, 
  publisher = {Springer},
  year = {1998},
  pages = {820--831},
}

@book{DoerrA11,
      title = {Theory of Randomized Search Heuristics},
     editor = {Anne Auger and
               Benjamin Doerr},
  publisher = {World Scientific},
     series = {Series on Theoretical Computer Science},
     volume = {1},
       year = {2011},
}

@ARTICLE{HeY04,
  author = {Jun He and Xin Yao},
  title = {A study of drift analysis for estimating computation time
           of evolutionary algorithms},
  journal = NC,
  year = {2004},
  volume = {3},
  pages = {21--35},
  number = {1},
}

@INPROCEEDINGS{DurrHHM04,
  author = {D{\"u}rr, C. and Heiligman, M. and H{\o}yer, P. and Mhalla, M.},
  title = {Quantum Query Complexity of Some Graph Problems},
  booktitle = ICALP04,
 series = {LNCS},
  volume = {3142},
  publisher = {Springer},
  year = {2004},
  pages = {481--493},
}

@article{GarnierKS99,
  author    = {Garnier, J. and Kallel, L. and Schoenauer, M.},
  title     = {Rigorous Hitting Times for Binary Mutations},
  journal   = {Evolutionary Computation},
  volume    = {7},
  number    = {2},
  year      = {1999},
  pages     = {173--203},
}

@INPROCEEDINGS{Grover96,
  author = {Grover, L. K.},
  title = {A Fast Quantum Mechanical Algorithm for Database Search},
  booktitle = STOC96,
  publisher = ACM,
  year = {1996},
  pages = {212--219},
}

@INPROCEEDINGS{JKL10,
  author = {Johannsen, D. and Kurur, P. P. and Lengler, J.},
  title = {Can Quantum Search Accelerate Evolutionary Algorithms?},
  booktitle = GECCO10,
  publisher = ACM,
  year = {2010},
  pages = {1433--1440},
}

@INPROCEEDINGS{KerenidisW03,
  author = {Kerenidis, I. and de Wolf, R.},
  title = {Exponential lower bound for 2-query locally decodable codes via a
	quantum argument},
  booktitle = STOC03,
  publisher = ACM,
  year = {2003},
  pages = {106--115},
}

@article{KerenidisW04,
  author    = {Kerenidis, I. and de Wolf, R.},
  title     = {Exponential lower bound for 2-query locally decodable codes
               via a quantum argument},
  journal   = JCSS,
  volume    = {69},
  number    = {3},
  year      = {2004},
  pages     = {395--420},
}

@INPROCEEDINGS{MagniezNRS09,
  author = {Magniez, F. and Nayak, A. and Richter, P. C. and Santha, M.},
  title = {On the hitting times of quantum versus random walks},
  booktitle = SODA09,
  publisher = SIAM,
  year = {2009},
  pages = {86--95},
}

@article{MagniezNRS12,
  author    = {Magniez, F. and
               Nayak, A. and
               Richter, P. C. and
               Santha, M.},
  title     = {On the Hitting Times of Quantum Versus Random Walks},
  journal   = {Algorithmica},
  volume    = {63},
  number    = {1--2},
  year      = {2012},
  pages     = {91--116},
}


@INPROCEEDINGS{MagniezNRS07,
  author = {Magniez, F. and Nayak, A. and Roland, J. and Santha, M.},
  title = {Search via quantum walk},
  booktitle = STOC07,
  publisher = ACM,
  year = {2007},
  pages = {575--584},
}

@article{MagniezNRS11,
  author    = {Magniez, F. and
               Nayak. A. and
               Roland, J. and
               Santha, M.},
  title     = {Search via Quantum Walk},
  journal   = SICOMP,
  volume    = {40},
  number    = {1},
  year      = {2011},
  pages     = {142--164},
}

@INPROCEEDINGS{MahdabiJA08,
  author = {Mahdabi, P. and Jalili, S. and Abadi, M.},
  title = {A multi-start quantum-inspired evolutionary algorithm for solving
	combinatorial optimization problems},
  booktitle = GECCO08,
  publisher = ACM,
  year = {2008},
  pages = {613--614},
}

@INPROCEEDINGS{Santha08,
  author = {Santha, M.},
  title = {Quantum Walk Based Search Algorithms},
  booktitle = TAMC08,
  series = {LNCS},
  volume = {4978},
  publisher = {Springer},
  year = {2008},
  pages = {31--46},
}

@INPROCEEDINGS{SpectorBBS99,
  author = {Spector, L. and Barnum, H. and Bernstein, H. J. and Swamy, N.},
  title = {Finding a better-than-classical quantum {AND/OR} algorithm using genetic programming},
  booktitle = CEC99,
  volume = {3},
  publisher = IEEE,
  year = {1999},
  pages = {2239--2246},
}

@INPROCEEDINGS{Szegedy04,
  author = {Szegedy, M.},
  title = {Quantum Speed-Up of Markov Chain Based Algorithms},
  booktitle = FOCS04,
  publisher = IEEE,
  year = {2004},
  pages = {32--41},
}

@INPROCEEDINGS{Zhang06,
  author = {Zhang, S.},
  title = {New upper and lower bounds for randomized and quantum local search},
  booktitle = STOC06,
  publisher = ACM,
  year = {2006},
  pages = {634--643},
}

@ARTICLE{Aaronson06,
  author = {Aaronson, S.},
  title = {Lower Bounds for Local Search by Quantum Arguments},
  journal = SICOMP,
  volume = {35},
  number = {4},
  publisher = SIAM,
  year = {2006},
  pages = {804--824},
}

@ARTICLE{aldous83,
  author = {Aldous, D.},
  title = {Minimization algorithms and random walk on the {$d$}-cube},
  journal = AP,
  volume = {11},
  number = {2},
  publisher = {Institute of Mathematical Statistics},
  year = {1983},
  pages = {403-413},
}

@ARTICLE{Ambainis2002,
  author = {Ambainis, A.},
  title = {Quantum lower bounds by quantum arguments},
  journal = JCSS,
  volume = {64},
  number = {4},
  publisher = {Academic Press},
  year = {2002},
  pages = {750--767},
}

@ARTICLE{BealsBCM2001,
  author = {Beals, R. and Buhrman, H. and Cleve, R. and Mosca, M. and de Wolf, R.},
  title = {Quantum lower bounds by polynomials},
  journal = JACM,
  volume = {48},
  number = {4},
  publisher = ACM,
  year = {2001},
  pages = {778--797},
}

@ARTICLE{BennetBBGV1997,
  author = {Bennett, C. H. and Bernstein, E. and Brassard, G. and Vazirani, U.},
  title = {Strengths and Weaknesses of Quantum Computing},
  journal = SICOMP,
  volume = {26},
  number = {5},
  publisher = SIAM,
  year = {1997},
  pages = {1510--1523},
}

@ARTICLE{BeyerSW02,
  author = {Beyer, H.-G. and Schwefel, H.-P. and Wegener, I.},
  title = {How to analyse evolutionary algorithms},
  journal = TCS,
  number = {1},
  volume = {287},
  publisher = {Elsevier},
  year = {2002},
  pages = {101--130},
}

@ARTICLE{BoyerBHT98,
  author = {Boyer, M. and Brassard, G. and H{\o}yer, P. and Tapp, A.},
  title = {Tight Bounds on Quantum Searching},
  journal = {Fortschritte der Physik},
  volume = {46},
  number = {4--5},
  publisher = {Wiley},
  year = {1998},
  pages = {493--505},

}

@ARTICLE{djwea02,
  author = {Droste, S. and Jansen, T. and Wegener, I.},
  title = {On the analysis of the (1+1)~evolutionary algorithm},
  journal = TCS,
  year = {2002},
  volume = {276},
  publisher = {Elsevier},
  pages = {51--81},
  number = {1--2},
}

@ARTICLE{DurrHHM06,
  author = {D{\"u}rr, C. and Heiligman, M. and H{\o}yer, P. and Mhalla, M.},
  title = {Quantum Query Complexity of Some Graph Problems},
  journal = SICOMP,
  volume = {35},
  number = {6},
  publisher = SIAM,
  year = {2006},
  pages = {1310--1328},
}

@ARTICLE{DurrH96,
  author = {D{\"u}rr, C. and H{\o}yer, P.},
  title = {A Quantum Algorithm for Finding the Minimum},
  journal = {arXiv:quant-ph/9607014v2},
  year = {1996},
}

@ARTICLE{HanK02,
  author = {Han, K.-H. and Kim, J.-H.},
  title = {Quantum-inspired evolutionary algorithm for a class of combinatorial
	optimization},
  journal = IEEEEC,
  volume = {6},
  number = {6},
  publisher = IEEE,
  year = {2002},
  pages = {580--593},
}

@ARTICLE{Zalka99,
  author = {Zalka, C.},
  title = {Grover's quantum searching algorithm is optimal},
  journal = PRL,
  volume = {60},
  number = {4},
  publisher = {American Physical Society},
  year = {1999},
  pages = {2746--2751},
}

@BOOK{MitzemacherU05,
  author = {Mitzenmacher, M. and Upfal, E.},
  title = {Probability and Computing: Randomized Algorithms and Probabilistic Analysis},
  publisher = {Cambridge University Press},
  year = {2005},
}

@BOOK{nielsenchuang:book,
  author = {Nielsen, M. A. and Chuang, I. L.},
  title = {Quantum Computation and Quantum Information},
  publisher = {Cambridge University Press},
  year = {2000},
}

@PHDTHESIS{Zhangthesis06,
  author = {Zhang, S.},
  title = {New quantum algorithms and quantum lower bounds},
  publisher = {Princeton University},
  year = {2006},
}