@string{STOC06 = {{STOC}\,'06: {P}roceedings of the 38th {A}nnual {ACM}
                  {S}ymposium on {T}heory of {C}omputing}}

@string{STOC05 = {{STOC}\,'05: {P}roceedings of the 37th {A}nnual {ACM}
                  {S}ymposium on {T}heory of {C}omputing}}

@string{STOC04 = {{STOC}\,'04: {P}roceedings of the 36th {A}nnual {ACM}
                  {S}ymposium on {T}heory of {C}omputing}}

@string{STOC03 = {{STOC}\,'03: {P}roceedings of the 35th {A}nnual {ACM}
                  {S}ymposium on {T}heory of {C}omputing}}

@string{STOC02 = {{STOC}\,'02: {P}roceedings of the 34th {A}nnual {ACM}
                  {S}ymposium on {T}heory of {C}omputing}}

@string{STOC01 = {{STOC}\,'01: {P}roceedings of the 33rd {A}nnual {ACM}
                  {S}ymposium on {T}heory of {C}omputing}}

@string{STOC00 = {{STOC}\,'00: {P}roceedings of the 32nd {A}nnual {ACM}
                  {S}ymposium on {T}heory of {C}omputing}}

@string{STOC99 = {{STOC}\,'99: {P}roceedings of the 31st {A}nnual {ACM}
                  {S}ymposium on {T}heory of {C}omputing}}

@string{STOC98 = {{STOC}\,'98: {P}roceedings of the 30th {A}nnual {ACM}
                  {S}ymposium on {T}heory of {C}omputing}}

@string{STOC97 = {{STOC}\,'97: {P}roceedings of the 29th {A}nnual {ACM}
                  {S}ymposium on {T}heory of {C}omputing}}

@string{STOC96 = {{STOC}\,'96: {P}roceedings of the 28th {A}nnual {ACM}
                  {S}ymposium on {T}heory of {C}omputing}}

@string{STOC95 = {{STOC}\,'95: {P}roceedings of the 27th {A}nnual {ACM}
                  {S}ymposium on {T}heory of {C}omputing}}

@string{STOC94 = {{STOC}\,'94: {P}roceedings of the 26th {A}nnual {ACM}
                  {S}ymposium on {T}heory of {C}omputing}}

@string{STOC93 = {{STOC}\,'93: {P}roceedings of the 25th {A}nnual {ACM}
                  {S}ymposium on {T}heory of {C}omputing}}

@string{STOC92 = {{STOC}\,'92: {P}roceedings of the 24th {A}nnual {ACM}
                  {S}ymposium on {T}heory of {C}omputing}}

@string{STOC91 = {{STOC}\,'91: {P}roceedings of the 23rd {A}nnual {ACM}
                  {S}ymposium on {T}heory of {C}omputing}}

@string{STOC90 = {{STOC}\,'90: {P}roceedings of the 22nd {A}nnual {ACM}
                  {S}ymposium on {T}heory of {C}omputing}}

@string{STOC89 = {{STOC}\,'89: {P}roceedings of the 21st {A}nnual {ACM}
                  {S}ymposium on {T}heory of {C}omputing}}

@string{STOC88 = {{STOC}\,'88: {P}roceedings of the 20th {A}nnual {ACM}
                  {S}ymposium on {T}heory of {C}omputing}}

@string{STOC87 = {{STOC}\,'87: {P}roceedings of the 19th {A}nnual {ACM}
                  {S}ymposium on {T}heory of {C}omputing}}

@string{STOC86 = {{STOC}\,'86: {P}roceedings of the 18th {A}nnual {ACM}
                  {S}ymposium on {T}heory of {C}omputing}}

@string{STOC85 = {{STOC}\,'85: {P}roceedings of the 17th {A}nnual {ACM}
                  {S}ymposium on {T}heory of {C}omputing}}

@string{STOC84 = {{STOC}\,'84: {P}roceedings of the 16th {A}nnual {ACM}
                  {S}ymposium on {T}heory of {C}omputing}}

@string{STOC83 = {{STOC}\,'83: {P}roceedings of the 15th {A}nnual {ACM}
                  {S}ymposium on {T}heory of {C}omputing}}

@string{STOC82 = {{STOC}\,'82: {P}roceedings of the 14th {A}nnual {ACM}
                  {S}ymposium on {T}heory of {C}omputing}}

@string{STOC81 = {{STOC}\,'81: {P}roceedings of the 13th {A}nnual {ACM}
                  {S}ymposium on {T}heory of {C}omputing}}

@string{STOC80 = {{STOC}\,'80: {P}roceedings of the 12th {A}nnual {ACM}
                  {S}ymposium on {T}heory of {C}omputing}}

@string{STOC79 = {{STOC}\,'79: {P}roceedings of the 11th {A}nnual {ACM}
                  {S}ymposium on {T}heory of {C}omputing}}

@string{STOC78 = {{STOC}\,'78: {P}roceedings of the 10th {A}nnual {ACM}
                  {S}ymposium on {T}heory of {C}omputing}}

@string{STOC77 = {{STOC}\,'77: {P}roceedings of the 9th {A}nnual {ACM}
                  {S}ymposium on {T}heory of {C}omputing}}

@string{STOC76 = {{STOC}\,'76: {P}roceedings of the 8th {A}nnual {ACM}
                  {S}ymposium on {T}heory of {C}omputing}}

@string{STOC75 = {{STOC}\,'75: {P}roceedings of the 7th {A}nnual {ACM}
                  {S}ymposium on {T}heory of {C}omputing}}

@string{STOC74= {{STOC}\,'74: {P}roceedings of the 6th {A}nnual {ACM}
                 {S}ymposium on {T}heory of {C}omputing}}

@string{STOC73 = {{STOC}\,'73: {P}roceedings of the 5th {A}nnual {ACM}
                  {S}ymposium on {T}heory of {C}omputing}}

@string{STOC72 = {{STOC}\,'72: {P}roceedings of the 4th {A}nnual {ACM}
                  {S}ymposium on {T}heory of {C}omputing}}

@string{STOC71 = {{STOC}\,'71: {P}roceedings of the 3rd {A}nnual {ACM}
                  {S}ymposium on {T}heory of {C}omputing}}

@string{STOC70 = {{STOC}\,'70: {P}roceedings of the 2nd {A}nnual {ACM}
                  {S}ymposium on {T}heory of {C}omputing}}

@string{STOC69 = {{STOC}\,'69: {P}roceedings of the 1st {A}nnual {ACM}
                  {S}ymposium on {T}heory of {C}omputing}}

@string{FOCS09 = {{FOCS}\,'09: {P}roceedings of the 50th {A}nnual {IEEE}
                  {S}yposium on {F}oundations of {C}omputer {S}cience}}

@string{FOCS08 = {{FOCS}\,'08: {P}roceedings of the 49th {A}nnual {IEEE}
                  {S}yposium on {F}oundations of {C}omputer {S}cience}}

@string{FOCS07 = {{FOCS}\,'07: {P}roceedings of the 48th {A}nnual {IEEE}
                  {S}yposium on {F}oundations of {C}omputer {S}cience}}

@string{FOCS06 = {{FOCS}\,'06: {P}roceedings of the 47th {A}nnual {IEEE}
                  {S}yposium on {F}oundations of {C}omputer {S}cience}}

@string{FOCS05 = {{FOCS}\,'05: {P}roceedings of the 46th {A}nnual {IEEE}
                  {S}yposium on {F}oundations of {C}omputer {S}cience}}

@string{FOCS04 = {{FOCS}\,'04: {P}roceedings of the 45th {A}nnual {IEEE}
                  {S}yposium on {F}oundations of {C}omputer {S}cience}}

@string{FOCS03 = {{FOCS}\,'03: {P}roceedings of the 44th {A}nnual {IEEE}
                  {S}yposium on {F}oundations of {C}omputer {S}cience}}

@string{FOCS02 = {{FOCS}\,'02: {P}roceedings of the 43rd {A}nnual {IEEE}
                  {S}yposium on {F}oundations of {C}omputer {S}cience}}

@string{FOCS01 = {{FOCS}\,'01: {P}roceedings of the 42nd {A}nnual {IEEE}
                  {S}yposium on {F}oundations of {C}omputer {S}cience}}

@string{FOCS00 = {{FOCS}\,'00: {P}roceedings of the 41st {A}nnual {IEEE}
                  {S}yposium on {F}oundations of {C}omputer {S}cience}}

@string{FOCS99 = {{FOCS}\,'99: {P}roceedings of the 40th {A}nnual {IEEE}
                  {S}yposium on {F}oundations of {C}omputer {S}cience}}

@string{FOCS98= {{FOCS}\,'98: {P}roceedings of the 39th {A}nnual {IEEE}
                  {S}yposium on {F}oundations of {C}omputer {S}cience}}

@string{FOCS97 = {{FOCS}\,'97: {P}roceedings of the 38th {A}nnual {IEEE}
                  {S}yposium on {F}oundations of {C}omputer {S}cience}}

@string{FOCS96 = {{FOCS}\,'96: {P}roceedings of the 37th {A}nnual {IEEE}
                  {S}yposium on {F}oundations of {C}omputer {S}cience}}

@string{FOCS95 = {{FOCS}\,'95: {P}roceedings of the 36th {A}nnual {IEEE}
                  {S}yposium on {F}oundations of {C}omputer {S}cience}}

@string{FOCS94 = {{FOCS}\,'94: {P}roceedings of the 35th {A}nnual {IEEE}
                  {S}yposium on {F}oundations of {C}omputer {S}cience}}

@string{FOCS93 = {{FOCS}\,'93: {P}roceedings of the 34th {A}nnual {IEEE}
                  {S}yposium on {F}oundations of {C}omputer {S}cience}}

@string{FOCS92 = {{FOCS}\,'92: {P}roceedings of the 33rd {A}nnual {IEEE}
                  {S}yposium on {F}oundations of {C}omputer {S}cience}}

@string{FOCS91 = {{FOCS}\,'91: {P}roceedings of the 32th {A}nnual {IEEE}
                  {S}yposium on {F}oundations of {C}omputer {S}cience}}

@string{FOCS90 = {{FOCS}\,'90: {P}roceedings of the 31st {A}nnual {IEEE}
                  {S}yposium on {F}oundations of {C}omputer {S}cience}}

@string{FOCS89 = {{FOCS}\,'89: {P}roceedings of the 30st {A}nnual {IEEE}
                  {S}yposium on {F}oundations of {C}omputer {S}cience}}

@string{FOCS88 = {{FOCS}\,'88: {P}roceedings of the 29th {A}nnual {IEEE}
                  {S}yposium on {F}oundations of {C}omputer {S}cience}}

@string{FOCS87 = {{FOCS}\,'87: {P}roceedings of the 28th {A}nnual {IEEE}
                  {S}yposium on {F}oundations of {C}omputer {S}cience}}

@string{FOCS86 = {{FOCS}\,'86: {P}roceedings of the 27th {A}nnual {IEEE}
                  {S}yposium on {F}oundations of {C}omputer {S}cience}}

@string{FOCS85 = {{FOCS}\,'85: {P}roceedings of the 26th {A}nnual {IEEE}
                  {S}yposium on {F}oundations of {C}omputer {S}cience}}

@string{FOCS84 = {{FOCS}\,'84: {P}roceedings of the 25th {A}nnual {IEEE}
                  {S}yposium on {F}oundations of {C}omputer {S}cience}}

@string{FOCS83 = {{FOCS}\,'83: {P}roceedings of the 24th {A}nnual {IEEE}
                  {S}yposium on {F}oundations of {C}omputer {S}cience}}

@string{FOCS82 = {{FOCS}\,'82: {P}roceedings of the 23rd {A}nnual {IEEE}
                  {S}yposium on {F}oundations of {C}omputer {S}cience}}

@string{FOCS81 = {{FOCS}\,'81: {P}roceedings of the 22nd {A}nnual {IEEE}
                  {S}yposium on {F}oundations of {C}omputer {S}cience}}

@string{FOCS80 = {{FOCS}\,'80: {P}roceedings of the 21st {A}nnual {IEEE}
                  {S}yposium on {F}oundations of {C}omputer {S}cience}}

@string{FOCS79 = {{FOCS}\,'79: {P}roceedings of the 20th {A}nnual {IEEE}
                  {S}yposium on {F}oundations of {C}omputer {S}cience}}

@string{FOCS78 = {{FOCS}\,'78: {P}roceedings of the 19th {A}nnual {IEEE}
                  {S}yposium on {F}oundations of {C}omputer {S}cience}}

@string{FOCS77 = {{FOCS}\,'77: {P}roceedings of the 18th {A}nnual {IEEE}
                  {S}yposium on {F}oundations of {C}omputer {S}cience}}

@string{FOCS76 = {{FOCS}\,'76: {P}roceedings of the 17th {A}nnual {IEEE}
                  {S}yposium on {F}oundations of {C}omputer {S}cience}}

@string{FOCS75 = {{FOCS}\,'75: {P}roceedings of the 16th {A}nnual {IEEE}
                  {S}yposium on {F}oundations of {C}omputer {S}cience}}

@string{FOCS74 = {{FOCS}\,'74: {P}roceedings of the 15th {A}nnual {IEEE}
                  {S}yposium on {F}oundations of {C}omputer {S}cience}}

@string{FOCS73 = {{FOCS}\,'73: {P}roceedings of the 14th {A}nnual {IEEE}
                  {S}yposium on {F}oundations of {C}omputer {S}cience}}

@string{FOCS72 = {{FOCS}\,'72: {P}roceedings of the 13th {A}nnual {IEEE}
                  {S}yposium on {F}oundations of {C}omputer {S}cience}}

@string{FOCS71 = {{FOCS}\,'71: {P}roceedings of the 12th {A}nnual {IEEE}
                  {S}yposium on {F}oundations of {C}omputer {S}cience}}

@string{FOCS70 = {{FOCS}\,'70: {P}roceedings of the 11th {A}nnual {IEEE}
                  {S}yposium on {F}oundations of {C}omputer {S}cience}}

@string{FOCS69 = {{FOCS}\,'69: {P}roceedings of the 10th {A}nnual {IEEE}
                  {S}yposium on {F}oundations of {C}omputer {S}cience}}

@string{FOCS68 = {{FOCS}\,'68: {P}roceedings of the 9th {A}nnual {IEEE}
                  {S}yposium on {F}oundations of {C}omputer {S}cience}}

@string{FOCS67 = {{FOCS}\,'67: {P}roceedings of the 8th {A}nnual {IEEE}
                  {S}yposium on {F}oundations of {C}omputer {S}cience}}

@string{FOCS66 = {{FOCS}\,'66: {P}roceedings of the 7th {A}nnual {IEEE}
                  {S}yposium on {F}oundations of {C}omputer {S}cience}}

@string{FOCS65 = {{FOCS}\,'65: {P}roceedings of the 6th {A}nnual {IEEE}
                  {S}yposium on {F}oundations of {C}omputer {S}cience}}

@string{FOCS64 = {{FOCS}\,'64: {P}roceedings of the 5th {A}nnual {IEEE}
                  {S}yposium on {F}oundations of {C}omputer {S}cience}}

@string{FOCS63 = {{FOCS}\,'63: {P}roceedings of the 4th {A}nnual {IEEE}
                  {S}yposium on {F}oundations of {C}omputer {S}cience}}

@string{FOCS62 = {{FOCS}\,'62: {P}roceedings of the 3rd {A}nnual {IEEE}
                  {S}yposium on {F}oundations of {C}omputer {S}cience}}

@string{FOCS61 = {{FOCS}\,'61: {P}roceedings of the 2nd {A}nnual {IEEE}
                  {S}yposium on {F}oundations of {C}omputer {S}cience}}

@string{FOCS60 = {{FOCS}\,'60: {P}roceedings of the 1st {A}nnual {IEEE}
                  {S}yposium on {F}oundations of {C}omputer {S}cience}}

@string{SODA10 = {{SODA}\,'10: {P}roceedings of the 21th {A}nnual {ACM-SIAM}
                  {S}ymposium on {D}iscrete {A}lgorithms}}

@string{SODA09 = {{SODA}\,'09: {P}roceedings of the 20th {A}nnual {ACM-SIAM}
                  {S}ymposium on {D}iscrete {A}lgorithms}}

@string{SODA08 = {{SODA}\,'08: {P}roceedings of the 19th {A}nnual {ACM-SIAM}
                  {S}ymposium on {D}iscrete {A}lgorithms}}

@string{SODA07 = {{SODA}\,'07: {P}roceedings of the 18th {A}nnual {ACM-SIAM}
                  {S}ymposium on {D}iscrete {A}lgorithms}}

@string{SODA06 = {{SODA}\,'06: {P}roceedings of the 17th {A}nnual {ACM-SIAM}
                  {S}ymposium on {D}iscrete {A}lgorithms}}

@string{SODA05 = {{SODA}\,'05: {P}roceedings of the 16th {A}nnual {ACM-SIAM}
                  {S}ymposium on {D}iscrete {A}lgorithms}}

@string{SODA04 = {{SODA}\,'04: {P}roceedings of the 15th {A}nnual {ACM-SIAM}
                  {S}ymposium on {D}iscrete {A}lgorithms}}

@string{SODA03 = {{SODA}\,'03: {P}roceedings of the 14th {A}nnual {ACM-SIAM}
                  {S}ymposium on {D}iscrete {A}lgorithms}}

@string{SODA02 = {{SODA}\,'02: {P}roceedings of the 13th {A}nnual {ACM-SIAM}
                  {S}ymposium on {D}iscrete {A}lgorithms}}

@string{SODA01 = {{SODA}\,'01: {P}roceedings of the 12th {A}nnual {ACM-SIAM}
                  {S}ymposium on {D}iscrete {A}lgorithms}}

@string{SODA00 = {{SODA}\,'00: {P}roceedings of the 11th {A}nnual {ACM-SIAM}
                  {S}ymposium on {D}iscrete {A}lgorithms}}

@string{SODA99 = {{SODA}\,'99: {P}roceedings of the 10th {A}nnual {ACM-SIAM}
                  {S}ymposium on {D}iscrete {A}lgorithms}}

@string{SODA98 = {{SODA}\,'98: {P}roceedings of the 9th {A}nnual {ACM-SIAM}
                  {S}ymposium on {D}iscrete {A}lgorithms}}

@string{SODA97 = {{SODA}\,'97: {P}roceedings of the 8th {A}nnual {ACM-SIAM}
                  {S}ymposium on {D}iscrete {A}lgorithms}}

@string{SODA96 = {{SODA}\,'96: {P}roceedings of the 7th {A}nnual {ACM-SIAM}
                  {S}ymposium on {D}iscrete {A}lgorithms}}

@string{SODA95 = {{SODA}\,'95: {P}roceedings of the 6th {A}nnual {ACM-SIAM}
                  {S}ymposium on {D}iscrete {A}lgorithms}}

@string{SODA94 = {{SODA}\,'94: {P}roceedings of the 5th {A}nnual {ACM-SIAM}
                  {S}ymposium on {D}iscrete {A}lgorithms}}

@string{SODA93 = {{SODA}\,'93: {P}roceedings of the 4th {A}nnual {ACM-SIAM}
                  {S}ymposium on {D}iscrete {A}lgorithms}}

@string{SODA92 = {{SODA}\,'92: {P}roceedings of the 3rd {A}nnual {ACM-SIAM}
                  {S}ymposium on {D}iscrete {A}lgorithms}}

@string{SODA91 = {{SODA}\,'91: {P}roceedings of the 2nd {A}nnual {ACM-SIAM}
                  {S}ymposium on {D}iscrete {A}lgorithms}}

@string{SODA90 = {{SODA}\,'90: {P}roceedings of the 1st {A}nnual {ACM-SIAM}
                  {S}ymposium on {D}iscrete {A}lgorithms}}

@string{STACS09 = {{STACS}\,'09: {P}roceedings of the 26th {A}nnual
                  {S}ymposium on {T}heoretical {A}spects of {C}omputer {S}cience}}

@string{STACS08 = {{STACS}\,'08: {P}roceedings of the 25th {A}nnual
                  {S}ymposium on {T}heoretical {A}spects of {C}omputer {S}cience}}

@string{STACS07 = {{STACS}\,'07: {P}roceedings of the 24th {A}nnual
                  {S}ymposium on {T}heoretical {A}spects of {C}omputer {S}cience}}

@string{STACS06 = {{STACS}\,'06: {P}roceedings of the 23rd {A}nnual
                  {S}ymposium on {T}heoretical {A}spects of {C}omputer {S}cience}}

@string{STACS05 = {{STACS}\,'05: {P}roceedings of the 22nd {A}nnual
                  {S}ymposium on {T}heoretical {A}spects of {C}omputer {S}cience}}

@string{STACS04 = {{STACS}\,'04: {P}roceedings of the 21st {A}nnual
                  {S}ymposium on {T}heoretical {A}spects of {C}omputer {S}cience}}

@string{STACS03 = {{STACS}\,'03: {P}roceedings of the 20th {A}nnual
                  {S}ymposium on {T}heoretical {A}spects of {C}omputer {S}cience}}

@string{STACS02 = {{STACS}\,'02: {P}roceedings of the 19th {A}nnual
                  {S}ymposium on {T}heoretical {A}spects of {C}omputer {S}cience}}

@string{STACS01 = {{STACS}\,'01: {P}roceedings of the 18th {A}nnual
                  {S}ymposium on {T}heoretical {A}spects of {C}omputer {S}cience}}

@string{STACS00 = {{STACS}\,'00: {P}roceedings of the 17th {A}nnual
                  {S}ymposium on {T}heoretical {A}spects of {C}omputer {S}cience}}

@string{STACS99 = {{STACS}\,'99: {P}roceedings of the 16th {A}nnual
                  {S}ymposium on {T}heoretical {A}spects of {C}omputer {S}cience}}

@string{STACS98 = {{STACS}\,'98: {P}roceedings of the 15th {A}nnual
                  {S}ymposium on {T}heoretical {A}spects of {C}omputer {S}cience}}

@string{STACS97 = {{STACS}\,'97: {P}roceedings of the 14th {A}nnual
                  {S}ymposium on {T}heoretical {A}spects of {C}omputer {S}cience}}

@string{STACS96 = {{STACS}\,'96: {P}roceedings of the 13th {A}nnual
                  {S}ymposium on {T}heoretical {A}spects of {C}omputer {S}cience}}

@string{STACS95 = {{STACS}\,'95: {P}roceedings of the 12th {A}nnual
                  {S}ymposium on {T}heoretical {A}spects of {C}omputer {S}cience}}
@string{STACS94 = {{STACS}\,'94: {P}roceedings of the 11th {A}nnual
                  {S}ymposium on {T}heoretical {A}spects of {C}omputer {S}cience}}

@string{STACS93 = {{STACS}\,'93: {P}roceedings of the 10th {A}nnual
                  {S}ymposium on {T}heoretical {A}spects of {C}omputer {S}cience}}

@string{STACS92 = {{STACS}\,'92: {P}roceedings of the 9th {A}nnual
                  {S}ymposium on {T}heoretical {A}spects of {C}omputer {S}cience}}

@string{STACS91 = {{STACS}\,'91: {P}roceedings of the 8th {A}nnual
                  {S}ymposium on {T}heoretical {A}spects of {C}omputer {S}cience}}

@string{STACS90 = {{STACS}\,'90: {P}roceedings of the 7th {A}nnual
                  {S}ymposium on {T}heoretical {A}spects of {C}omputer {S}cience}}

@string{STACS89 = {{STACS}\,'89: {P}roceedings of the 6th {A}nnual
                  {S}ymposium on {T}heoretical {A}spects of {C}omputer {S}cience}}

@string{STACS88 = {{STACS}\,'88: {P}roceedings of the 5th {A}nnual
                  {S}ymposium on {T}heoretical {A}spects of {C}omputer {S}cience}}

@string{STACS87 = {{STACS}\,'87: {P}roceedings of the 4th {A}nnual
                  {S}ymposium on {T}heoretical {A}spects of {C}omputer {S}cience}}

@string{STACS86 = {{STACS}\,'86: {P}roceedings of the 3rd {A}nnual
                  {S}ymposium on {T}heoretical {A}spects of {C}omputer {S}cience}}

@string{STACS85 = {{STACS}\,'85: {P}roceedings of the 2nd {A}nnual
                  {S}ymposium on {T}heoretical {A}spects of {C}omputer {S}cience}}

@string{STACS84 = {{STACS}\,'84: {P}roceedings of the 1st {A}nnual
                  {S}ymposium on {T}heoretical {A}spects of {C}omputer {S}cience}}

@string{CEC10 = {{CEC}\,'10: {P}roceedings of the 2010 {IEEE} 
                  {C}ongress on {E}volutionary {C}omputation}}

@string{CEC09 = {{CEC}\,'09: {P}roceedings of the 2009 {IEEE} 
                  {C}ongress on {E}volutionary {C}omputation}}

@string{CEC08 = {{CEC}\,'08: {P}roceedings of the 2008 {IEEE} 
                  {C}ongress on {E}volutionary {C}omputation}}

@string{CEC07 = {{CEC}\,'07: {P}roceedings of the 2007 {IEEE} 
                  {C}ongress on {E}volutionary {C}omputation}}

@string{CEC06 = {{CEC}\,'06: {P}roceedings of the 2006 {IEEE} 
                  {C}ongress on {E}volutionary {C}omputation}}

@string{CEC05 = {{CEC}\,'05: {P}roceedings of the 2005 {IEEE} 
                  {C}ongress on {E}volutionary {C}omputation}}

@string{CEC04 = {{CEC}\,'04: {P}roceedings of the 2004 {IEEE} 
                  {C}ongress on {E}volutionary {C}omputation}}


@string{CEC03 = {{CEC}\,'03: {P}roceedings of the 2003 {IEEE} 
                  {C}ongress on {E}volutionary {C}omputation}}

@string{CEC02 = {{CEC}\,'02: {P}roceedings of the 2002 {IEEE} 
                  {C}ongress on {E}volutionary {C}omputation}}

@string{CEC01 = {{CEC}\,'01: {P}roceedings of the 2001 {IEEE} 
                  {C}ongress on {E}volutionary {C}omputation}}

@string{CEC00 = {{CEC}\,'00: {P}roceedings of the 2000 {IEEE} 
                  {C}ongress on {E}volutionary {C}omputation}}

@string{CEC99 = {{CEC}\,'99: {P}roceedings of the 1999 {IEEE} 
                  {C}ongress on {E}volutionary {C}omputation}}


@string{GECCO10 = {{GECCO}\,'10: {P}roceedings of the ]12th {A}nnual
                   {G}enetic and {E}volutionary {C}omputation {C}onference}}

@string{GECCO09 = {{GECCO}\,'09: {P}roceedings of the 11th {A}nnual 
                  {G}enetic and {E}volutionary {C}omputation {C}onference}}

@string{GECCO08 = {{GECCO}\,'08: {P}roceedings of the 10th {A}nnual 
                  {G}enetic and {E}volutionary {C}omputation {C}onference}}


@string{GECCO07 = {{GECCO}\,'07: {P}roceedings of the 9th {A}nnual 
                  {G}enetic and {E}volutionary {C}omputation {C}onference}}

@string{GECCO06 = {{GECCO}\,'06: {P}roceedings of the 8th {A}nnual 
                  {G}enetic and {E}volutionary {C}omputation {C}onference}}

@string{GECCO05 = {{GECCO}\,'05: {P}roceedings of the 7th {A}nnual 
                  {G}enetic and {E}volutionary {C}omputation {C}onference}}

@string{GECCO04:2 = {{GECCO}\,'04: {P}roceedings of the 6th {A}nnual 
                  {G}enetic and {E}volutionary {Cea}omputation {C}onference, {P}art~{II}}}

@string{GECCO04:1 = {{GECCO}\,'04: {P}roceedings of the 6th {A}nnual 
                  {G}enetic and {E}volutionary {C}omputation {C}onference, {P}art~{I}}}

@string{GECCO03:2 = {{GECCO}\,'03: {P}roceedings of the 5th {A}nnual 
                  {G}enetic and {E}volutionary {C}omputation {C}onference, {P}art~{II}}}

@string{GECCO03:1 = {{GECCO}\,'03: {P}roceedings of the 5th {A}nnual 
                  {G}enetic and {E}volutionary {C}omputation {C}onference, {P}art~{I}}}

@string{GECCO02 = {{GECCO}\,'02: {P}roceedings of the 4th {A}nnual 
                  {G}enetic and {E}volutionary {C}omputation {C}onference}}

@string{GECCO01 = {{GECCO}\,'01: {P}roceedings of the 3th {A}nnual 
                  {G}enetic and {E}volutionary {C}omputation {C}onference}}

@string{PPSN08 = {{PPSN}\,'08: {P}roceedings of the 10th {I}nternational
                  {C}onference on {P}arallel {P}roblem {S}olving from {N}ature}}

@string{PPSN06 = {{PPSN}\,'06: {P}roceedings of the 9th {I}nternational
                  {C}onference on {P}arallel {P}roblem {S}olving from {N}ature}}

@string{PPSN04 = {{PPSN}\,'04: {P}roceedings of the 8th {I}nternational
                  {C}onference on {P}arallel {P}roblem {S}olving from {N}ature}}

@string{PPSN02 = {{PPSN}\,'02: {P}roceedings of the 7th {I}nternational
                  {C}onference on {P}arallel {P}roblem {S}olving from {N}ature}}

@string{PPSN00 = {{PPSN}\,'00: {P}roceedings of the 6th {I}nternational
                  {C}onference on {P}arallel {P}roblem {S}olving from {N}ature}}

@string{PPSN98 = {{PPSN}\,'98: {P}roceedings of the 5th {I}nternational
                  {C}onference on {P}arallel {P}roblem {S}olving from {N}ature}}

@string{PPSN96 = {{PPSN}~96': {P}roceedings of the 4th {I}nternational
                  {C}onference on {P}arallel {P}roblem {S}olving from {N}ature}}

@string{PPSN94 = {{PPSN}\,'94: {P}roceedings of the 3rd {I}nternational
                  {C}onference on {P}arallel {P}roblem {S}olving from {N}ature}}

@string{PPSN92 = {{PPSN}\,'92: {P}roceedings of the 2nd {I}nternational
                  {C}onference on {P}arallel {P}roblem {S}olving from {N}ature}}

@string{PPSN90 = {{PPSN}\,'90: {P}roceedings of the 1st {W}orkshop on                
                  {P}arallel {P}roblem {S}olving from {N}ature}}

@string{FOGA09 = {{FOGA}\,'09: {P}roceedings of the 10th {ACM}
                  {W}orkshop on {F}oundations of {G}enetic {A}lgorithms}}

@string{FOGA07 = {{FOGA}\,'07: {P}roceedings of the 9th
                  {W}orkshop on {F}oundations of {G}enetic {A}lgorithms}}

@string{FOGA05 = {{FOGA}\,'05: {P}roceedings of the 8th {ACM}
                  {W}orkshop on {F}oundations of {G}enetic {A}lgorithms}}

@string{FOGA02 = {{FOGA}\,'02: {P}roceedings of the 7th
                  {W}orkshop on {F}oundations of {G}enetic {A}lgorithms}}

@string{FOGA00 = {{FOGA}\,'00: {P}roceedings of the 6th
                  {W}orkshop on {F}oundations of {G}enetic {A}lgorithms}}

@string{FOGA98 = {{FOGA}\,'98: {P}roceedings of the 5th
                  {W}orkshop on {F}oundations of {G}enetic {A}lgorithms}}

@string{FOGA96 = {{FOGA}\,'96: {P}roceedings of the 4th
                  {W}orkshop on {F}oundations of {G}enetic {A}lgorithms}}

@string{FOGA94 = {{FOGA}\,'94: {P}roceedings of the 3rd
                  {W}orkshop on {F}oundations of {G}enetic {A}lgorithms}}

@string{FOGA92 = {{FOGA}\,'92: {P}roceedings of the 2nd
                  {W}orkshop on {F}oundations of {G}enetic {A}lgorithms}}

@string{FOGA90 = {{FOGA}\,'90: {P}roceedings of the 1st
                  {W}orkshop on {F}oundations of {G}enetic {A}lgorithms}}



 @string{ICALP12 = {{ICALP}\,'12: {P}roceedings of the 39th 
                    {I}nternational {C}olloquium on {A}utomata,
                    {L}anguages and {P}rogramming}}

 @string{ICALP11 = {{ICALP}\,'11: {P}roceedings of the 38th 
                    {I}nternational {C}olloquium on {A}utomata,
                    {L}anguages and {P}rogramming}}

 @string{ICALP10 = {{ICALP}\,'10: {P}roceedings of the 37th 
                    {I}nternational {C}olloquium on {A}utomata,
                    {L}anguages and {P}rogramming}}

 @string{ICALP09 = {{ICALP}\,'09: {P}roceedings of the 36th 
                    {I}nternational {C}olloquium on {A}utomata,
                    {L}anguages and {P}rogramming}}

 @string{ICALP08 = {{ICALP}\,'08: {P}roceedings of the 35th 
                    {I}nternational {C}olloquium on {A}utomata,
                    {L}anguages and {P}rogramming}}

 @string{ICALP07 = {{ICALP}\,'07: {P}roceedings of the 34th 
                    {I}nternational {C}olloquium on {A}utomata,
                    {L}anguages and {P}rogramming}}

 @string{ICALP06 = {{ICALP}\,'06: {P}roceedings of the 33th 
                    {I}nternational {C}olloquium on {A}utomata,
                    {L}anguages and {P}rogramming}}

 @string{ICALP05 = {{ICALP}\,'05: {P}roceedings of the 32nd 
                    {I}nternational {C}olloquium on {A}utomata,
                    {L}anguages and {P}rogramming}}

 @string{ICALP04 = {{ICALP}\,'04: {P}roceedings of the 31st 
                    {I}nternational {C}olloquium on {A}utomata,
                    {L}anguages and {P}rogramming}}

 @string{ICALP03 = {{ICALP}\,'03: {P}roceedings of the 30th 
                    {I}nternational {C}olloquium on {A}utomata,
                    {L}anguages and {P}rogramming}}

 @string{ICALP02 = {{ICALP}\,'02: {P}roceedings of the 29th 
                    {I}nternational {C}olloquium on {A}utomata,
                    {L}anguages and {P}rogramming}}

 @string{ICALP01 = {{ICALP}\,'01: {P}roceedings of the 28th 
                    {I}nternational {C}olloquium on {A}utomata,
                    {L}anguages and {P}rogramming}}

 @string{ICALP00 = {{ICALP}\,'00: {P}roceedings of the 27th 
                    {I}nternational {C}olloquium on {A}utomata,
                    {L}anguages and {P}rogramming}}

 @string{ICALP99 = {{ICALP}\,'99: {P}roceedings of the 26th 
                    {I}nternational {C}olloquium on {A}utomata,
                    {L}anguages and {P}rogramming}}

 @string{ICALP98 = {{ICALP}\,'98: {P}roceedings of the 25th 
                    {I}nternational {C}olloquium on {A}utomata,
                    {L}anguages and {P}rogramming}}

 @string{ICALP97 = {{ICALP}\,'97: {P}roceedings of the 24th 
                    {I}nternational {C}olloquium on {A}utomata,
                    {L}anguages and {P}rogramming}}

 @string{ICALP96 = {{ICALP}\,'96: {P}roceedings of the 23th 
                    {I}nternational {C}olloquium on {A}utomata,
                    {L}anguages and {P}rogramming}}

 @string{ICALP95 = {{ICALP}\,'95: {P}roceedings of the 22nd 
                    {I}nternational {C}olloquium on {A}utomata,
                    {L}anguages and {P}rogramming}}

 @string{ICALP94 = {{ICALP}\,'94: {P}roceedings of the 21st 
                    {I}nternational {C}olloquium on {A}utomata,
                    {L}anguages and {P}rogramming}}

 @string{ICALP93 = {{ICALP}\,'93: {P}roceedings of the 20th 
                    {I}nternational {C}olloquium on {A}utomata,
                    {L}anguages and {P}rogramming}}


@string{SLS09 = {{SLS}\,'09: {P}roceedings of the 2nd {I}nternational {W}orkshop on
                  {E}ngineering {S}tochastic {L}ocal {S}earch {A}lgorithms}}

@string{SLS07 = {{SLS}\,'07: {P}roceedings of the 1st {I}nternational {W}orkshop on
                  {E}ngineering {S}tochastic {L}ocal {S}earch {A}lgorithms}}

@string{FOCI07 = {{FOCI}\,'07: {P}roceedings of the {IEEE} {S}ymposium on 
                  {F}oundations of {C}omputational {I}ntelligence}}

@string{AofA05 = {{AofA}\,'05: {P}roceedings of the 2005 
                  {I}nternational {C}onference on {A}nalysis of {A}lgorithms}}

@string{SCG06 =  {{SCG}\,'06: {P}roceedings of the 22nd {A}nnual 
                  {S}ymposium on {C}omputational {G}eometry}}


@string{SAT09 =  {{SAT}\,'09: {P}roceedings of the 12th {I}nternational 
                  {C}onference on {T}heory and {A}pplications of 
                  {S}atisfiability {T}esting}}

@string{SAT05 =  {{SAT}\,'05: {P}roceedings of the 8th {I}nternational 
                  {C}onference on {T}heory and {A}pplications of 
                  {S}atisfiability {T}esting}}

@string{ISAAC06 = {{ISAAC}\,'06: {P}roceedings of the 17th {I}nternational
                   {S}ymposium on {A}lgorithms and {C}omputation}}

@string{SOFSEM04 = {{SOFSEM}\,'04: {P}roceedings of the 30th {C}onference 
                    on {C}urrent {T}rends in {T}heory and {P}ractice of
                    {C}omputer {S}cience}}

@string{SOFSEM05 = {{SOFSEM}\,'05: {P}roceedings of the 31th {C}onference 
                    on {C}urrent {T}rends in {T}heory and {P}ractice of
                    {C}omputer {S}cience}}

@string{SOFSEM06 = {{SOFSEM}\,'06: {P}roceedings of the 32th {C}onference 
                    on {C}urrent {T}rends in {T}heory and {P}ractice of
                    {C}omputer {S}cience}}

@string{SOFSEM07 = {{SOFSEM}\,'07: {P}roceedings of the 33th {C}onference 
                    on {C}urrent {T}rends in {T}heory and {P}ractice of
                    {C}omputer {S}cience}}

@string{SOFSEM08 = {{SOFSEM}\,'08: {P}roceedings of the 34th {C}onference 
                    on {C}urrent {T}rends in {T}heory and {P}ractice of
                    {C}omputer {S}cience}}

@string{SOFSEM09 = {{SOFSEM}\,'09: {P}roceedings of the 35th {C}onference 
                    on {C}urrent {T}rends in {T}heory and {P}ractice of
                    {C}omputer {S}cience}}

@string{SOFSEM09 = {{SOFSEM}\,'09: {P}roceedings of the 35th {C}onference 
                    on {C}urrent {T}rends in {T}heory and {P}ractice of
                    {C}omputer {S}cience}}

@string{TAMC08   = {{TAMC}\,'08: {P}roceedings of the 5th {A}nnual {C}onference
                    on {T}heory and {A}pplications of {M}odels of {C}omputation}}