@inproceedings{
 author = {Dang, Abhishek and Kurur, Piyush P},
 title = {Verse: An EDSL for Cryptographic Primitives},
 booktitle = {Proceedings of the 20th International Symposium on Principles and Practice of Declarative Programming},
 series = {PPDP '18},
 year = {2018},
 isbn = {978-1-4503-6441-6},
 location = {Frankfurt am Main, Germany},
 pages = {10:1--10:9},
 articleno = {10},
 numpages = {9},
 url = {http://doi.acm.org/10.1145/3236950.3236971},
 doi = {10.1145/3236950.3236971},
 acmid = {3236971},
 publisher = {ACM},
 address = {New York, NY, USA},
 keywords = {Coq, Cryptography, EDSL, assembly language},
 }