@inproceedings{gladman,
  title={Implementation experience with AES candidate algorithms},
  author={Gladman, Brian},
  booktitle={Proc. of Second AES Candidate Conference (AES2), March 1999},
  year={1999}
}

@article{comp-cert,
  title={The CompCert verified compiler},
  author={Leroy, Xavier and others},
  journal={Documentation and userâ€™s manual. INRIA Paris-Rocquencourt},
  year={2012}
}

@article{lowstar,
  title={Verified low-level programming embedded in F},
  author={Protzenko, Jonathan and Zinzindohou{\'e}, Jean-Karim and Rastogi, Aseem and Ramananandro, Tahina and Wang, Peng and Zanella-B{\'e}guelin, Santiago and Delignat-Lavaud, Antoine and Hri{\c{t}}cu, C{\u{a}}t{\u{a}}lin and Bhargavan, Karthikeyan and Fournet, C{\'e}dric and others},
  journal={Proceedings of the ACM on Programming Languages},
  volume={1},
  number={ICFP},
  pages={17},
  year={2017},
  publisher={ACM}
}

@inproceedings{frama-c,
  title={Frama-c},
  author={Cuoq, Pascal and Kirchner, Florent and Kosmatov, Nikolai and Prevosto, Virgile and Signoles, Julien and Yakobowski, Boris},
  booktitle={International Conference on Software Engineering and Formal Methods},
  pages={233--247},
  year={2012},
  organization={Springer}
}

@inproceedings{dafny,
  title={Dafny: An automatic program verifier for functional correctness},
  author={Leino, K Rustan M},
  booktitle={International Conference on Logic for Programming Artificial Intelligence and Reasoning},
  pages={348--370},
  year={2010},
  organization={Springer}
}

@MISC{Jones_playingby,
    author = {Simon Peyton Jones and Andrew Tolmach and Tony Hoare},
    title = {Playing by the rules: rewriting as a practical optimisation technique in GHC },
    year = {}
}

@article{applicative-programming-with-effects,
 author = {McBride, Conor and Paterson, Ross},
 title = {Applicative Programming with Effects},
 journal = {J. Funct. Program.},
 issue_date = {January 2008},
 volume = {18},
 number = {1},
 month = jan,
 year = {2008},
 issn = {0956-7968},
 pages = {1--13},
 numpages = {13},
 url = {http://dx.doi.org/10.1017/S0956796807006326},
 doi = {10.1017/S0956796807006326},
 acmid = {1348941},
 publisher = {Cambridge University Press},
 address = {New York, NY, USA},
}

@inproceedings{genuinely-functional-user-intefaces,
  author = "Antony Courtney and Conal Elliott",
  title = "Genuinely Functional User Interfaces",
  booktitle = "2001 Haskell Workshop",
  year = 2001,
  month = "September",
}

@Inbook{constructing-applicatives,
   author="Ross Paterson",
   title="Constructing Applicative Functors",
   book="Mathematics of Program Construction: 11th International Conference, MPC 2012, Madrid, Spain, June 25-27, 2012. Proceedings",
  year="2012",
  publisher="Springer Berlin Heidelberg",
  address="Berlin, Heidelberg",
  pages="300--323",
  url="http://dx.doi.org/10.1007/978-3-642-31113-0_15"
}


@inproceedings{deterministic-error-correcting-parsers,
  author    = {Swierstra, S. D. and Duponcheel, L.},
  title     = {Deterministic, Error-Correcting Combinator Parsers},
  booktitle = {Advanced Functional Programming},
  editor    = {John Launchbury and Erik Meijer and Tim Sheard},
  publisher = {Springer-Verlag},
  series    = {LNCS-Tutorial},
  volume    = {1129},
  pages     = {184-207},
  year      = {1996},
  urlpdf    = {http://www.cs.uu.nl/people/doaitse/Papers/1996/DetErrCorrComPars.pdf},
}

@ARTICLE{generalising-monads-arrows,
    author = {John Hughes},
    title = {Generalising Monads to Arrows},
    journal = {Science of Computer Programming},
    year = {1998},
    volume = {37},
    pages = {67--111}
}

@article{hindley69principal,
     title = {The Principal Type-Scheme of an Object in Combinatory Logic},
     author = {Hindley, R.},
     journal = {Transactions of the American Mathematical Society},
     volume = {146},
     number = {},
     pages = {29--60},
     url = {http://www.jstor.org/stable/1995158},
     year = {1969},
     publisher = {American Mathematical Society},
 }

@ARTICLE{Milner78atheory,
    author = {Robin Milner},
    title = {A theory of type polymorphism in programming},
    journal = {Journal of Computer and System Sciences},
    year = {1978},
    volume = {17},
    pages = {348--375}
}

@inproceedings{Damas82principal,
 author = {Damas, Luis and Milner, Robin},
 title = {Principal Type-schemes for Functional Programs},
 booktitle = {Proceedings of the 9th ACM SIGPLAN-SIGACT Symposium on Principles of Programming Languages},
 series = {POPL '82},
 year = {1982},
 isbn = {0-89791-065-6},
 location = {Albuquerque, New Mexico},
 pages = {207--212},
 numpages = {6},
 url = {http://doi.acm.org/10.1145/582153.582176},
 doi = {10.1145/582153.582176},
 acmid = {582176},
 publisher = {ACM},
 address = {New York, NY, USA},
}

@inproceedings{history-haskell,
 author = {Hudak, Paul and Hughes, John and Peyton Jones, Simon and Wadler, Philip},
 title = {A History of Haskell: Being Lazy with Class},
 booktitle = {Proceedings of the Third ACM SIGPLAN Conference on History of Programming Languages},
 series = {HOPL III},
 year = {2007},
 isbn = {978-1-59593-766-7},
 location = {San Diego, California},
 pages = {12-1--12-55},
 url = {http://doi.acm.org/10.1145/1238844.1238856},
 doi = {10.1145/1238844.1238856},
 acmid = {1238856},
 publisher = {ACM},
 address = {New York, NY, USA},
}

@incollection{syntactic-semigroup,
 author    = {Pin, Jean-Eric},
 title     = {Syntactic Semigroups},
 booktitle = {Handbook of Formal Languages, Vol. 1},
 editor    = {Grzegorz Rozenberg and Arto Salomaa},
 year     = {1997},
 isbn     = {3-540-60420-0},
 pages    = {679--746},
 numpages = {68},
 url      = {http://dl.acm.org/citation.cfm?id=267846.267856},
 acmid    = {267856},
 publisher = {Springer-Verlag New York, Inc.},
 address   = {New York, NY, USA},
}

@article{finger-trees,
 author = {Hinze, Ralf and Paterson, Ross},
 title = {Finger Trees: A Simple General-purpose Data Structure},
 journal = {J. Funct. Program.},
 issue_date = {March 2006},
 volume = {16},
 number = {2},
 month = mar,
 year = {2006},
 issn = {0956-7968},
 pages = {197--217},
 numpages = {21},
 url = {http://dx.doi.org/10.1017/S0956796805005769},
 doi = {10.1017/S0956796805005769},
 acmid = {1114674},
 publisher = {Cambridge University Press},
 address = {New York, NY, USA},
}

@book{yesod-book,
  author={Snoyman, Michael},
  title = {Developing Web Applications with Haskell and Yesod},
  publisher = {O'Reilly Media},
  year  =2012,
}

@misc{haskell-blaze,
  author="Jasper {Van der Jeugt} and Simon Meier and Leon P Smith",
  title="The blaze builder library for {Haskell}",
  howpublished="{\url{https://hackage.haskell.org/package/blaze-builder}}"
}
@misc{haskell-attoparsec,
  author="Bryan O'Sullivan",
  title="The attoparsec library for {Haskell}",
  howpublished="{\url{https://hackage.haskell.org/package/attoparsec}}"
}

@misc{haskell-raaz,
  author="Satvik Chauhan and Piyush P Kurur",
  title="The raaz cryptographic library for {Haskell}",
  howpublished="{\url{https://hackage.haskell.org/package/raaz}}"
}
@misc{haskell-binary,
  author="Lennart Kolmodin",
  title="{The binary library for Haskell}",
  howpublished="{\url{https://hackage.haskell.org/package/binary}}"
}
@misc{monoid-extras,
  author="Brent Yorgey",
  title="{The monoid-extras library for Haskell}",
  howpublished="{\url{https://hackage.haskell.org/package/monoid-extras}}"
}

@inproceedings{monoid-theme-variations,
 author = {Yorgey, Brent A.},
 title = {Monoids: Theme and Variations (Functional Pearl)},
 booktitle = {Proceedings of the 2012 Haskell Symposium},
 series = {Haskell '12},
 year = {2012},
 isbn = {978-1-4503-1574-6},
 location = {Copenhagen, Denmark},
 pages = {105--116},
 numpages = {12},
 url = {http://doi.acm.org/10.1145/2364506.2364520},
 doi = {10.1145/2364506.2364520},
 acmid = {2364520},
 publisher = {ACM},
 address = {New York, NY, USA},
 keywords = {edsl, homomorphism, monoid, monoid action},
}

@book{awodey-category-theory,
   author = {Awodey, Steve},
    publisher = {The Oxford University Press},
  series = {Oxford Logic Guides},
  title = {Category theory},
  volume = 49,
  year = 2006
}

@inproceedings{wadler1989theorems,
  title={Theorems for free!},
  author={Wadler, Philip},
  booktitle={Proceedings of the fourth international conference on Functional programming languages and computer architecture},
  pages={347--359},
  year={1989},
  organization={ACM}
}

@misc{kmettfmaplaws,
  title={The free theorem for fmap},
  author={Edward Kmett},
  year={2015},
  month={February},
  howpublished={\url{https://www.schoolofhaskell.com/user/edwardk/snippets/fmap}}
}

@inproceedings{yates2015diagrams,
  title={Diagrams: a functional {EDSL} for vector graphics},
  author={Yates, Ryan and Yorgey, Brent A},
  booktitle={Proceedings of the 3rd ACM SIGPLAN International Workshop on Functional Art, Music, Modelling and Design},
  pages={4--5},
  year={2015},
  organization={ACM}
}

@inproceedings{cache-missing-for-fun,
  title= "Cache missing for fun and profit",
  author={Colin Percival},
  booktitle={BSDCan 2005},
  address="Ottawa, Canada",
  year={2005},
}


@misc{ats,
  author="Xi, Hongwei",
  title="Applied Type System: An approach to practical programming with Theorem Proving",
  howpublished={\url{http://www.ats-lang.org/MYDATA/ATSfoundation.pdf}},
  year="2017"
}

@inproceedings{kasper2009aes,
  author="Emilia K{\"a}sper and Peter Schwabe",
  title="Faster and Timing-Attack Resistant AES-GCM",
  booktitle="Cryptographic Hardware and Embedded Systems - CHES 2009",
  year="2009",
  publisher="Springer Berlin Heidelberg",
  address="Berlin, Heidelberg",
  pages="1--17",
  isbn="978-3-642-04138-9"
}

@incollection{knuth-structured,
 author = {Donald E Knuth},
 chapter = {Structured Programming with Go to Statements},
 title = {Classics in Software Engineering},
 editor = {Yourdon, Edward Nash},
 year = {1979},
 isbn = {0-917072-14-6},
 pages = {257--321},
 numpages = {65},
 url = {http://dl.acm.org/citation.cfm?id=1241515.1241535},
 acmid = {1241535},
 publisher = {Yourdon Press},
 address = {Upper Saddle River, NJ, USA},
}

@misc{maq-qhasm,
  author="Peter Schwabe",
  title="maq - a preprocessor for qhasm",
  howpublished={\url{https://cryptojedi.org/programming/maq.shtml}},
  year="2015"
}


@misc{qhasm,
  author="Daniel J Bernstein",
  title="Writing high speed software",
  url={https://cr.yp.to/qhasm.html},
  year="2007"
}

@techreport{cace-CAO-qhasm,
  title="CAO and qhasm compiler tools",
  author="Manuel Barbosa and Andrew Moss and Peter Schwabe",
  year = {2011},
  institution = {Computer Aided Cryptography Engineering},
  url={http://www.cspforum.eu/32_CACE_D1.3_CAO_and_qhasm_compiler_tools_Jan11.pdf}
}

@

@inproceedings{jasmin,
    title={Jasmin: High-Assurance and High-Speed Cryptography},
    author={J B Almeida and M Barbosa and G Barthe and A Blot and B GrÃ©goire and V Laporte and T Oliveira and H Pacheco and B Schmidt},
    booktitle = {Proceedings of the 2017 {ACM} {SIGSAC} Conference on Computer and Communications Security, {CCS}},
    publisher = {to appear},
    year = {2017},
    pages = {1807â€“1823},
    url = {publications/ccs17.pdf}
}

@inproceedings{cryptol,
 author = {Pike, Lee and Shields, Mark and Matthews, John},
 title = {A Verifying Core for a Cryptographic Language Compiler},
 booktitle = {Proceedings of the Sixth International Workshop on the ACL2 Theorem Prover and Its Applications},
 series = {ACL2 '06},
 year = {2006},
 isbn = {0-9788493-0-2},
 location = {Seattle, Washington, USA},
 pages = {1--10},
 numpages = {10},
 url = {http://doi.acm.org/10.1145/1217975.1217977},
 doi = {10.1145/1217975.1217977},
 acmid = {1217977},
 publisher = {ACM},
 address = {New York, NY, USA},
 keywords = {ACL2, certification, certifying compiler, cryptography, high-assurance, optimizing compiler, verifying compiler},
}

@book{cpdt-book,
 author = {Adam Chlipala},
 title = {Certified Programming with Dependent Types: A Pragmatic Introduction to the Coq Proof Assistant},
 year = {2013},
 isbn = {0262026651, 9780262026659},
 publisher = {The MIT Press},
}

@inproceedings{coqasm,
    author = {Kennedy, Andrew and Benton, Nick and Jensen, Jonas B. and Dagand, Pierre-Evariste},
    title = {Coq: The World's Best Macro Assembler?},
    booktitle = {Proceedings of the 15th Symposium on Principles and Practice of Declarative Programming},
    series = {PPDP '13},
    year = {2013},
    isbn = {978-1-4503-2154-9},
    location = {Madrid, Spain},
    pages = {13--24},
    numpages = {12},
    doi = {10.1145/2505879.2505897},
    acmid = {2505897},
    publisher = {ACM},
    address = {New York, NY, USA},
 }

@misc{fiat-elliptic-curve,
   author="Andres Erbsen and Jade Philipoom and Jason Gross and Robert Sloan and Adam Chlipala",
   year=2018,
   title="Systematic Generation of Fast Elliptic Curve Cryptography Implementations",
   url={https://people.csail.mit.edu/jgross/personal-website/papers/2018-fiat-crypto-pldi-draft.pdf}
}


@inproceedings{validating-lr1,
 author = {Jourdan, Jacques-Henri and Pottier, Fran\c{c}ois and Leroy, Xavier},
 title = {Validating LR(1) Parsers},
 booktitle = {Proceedings of the 21st European Conference on Programming Languages and Systems},
 series = {ESOP'12},
 year = {2012},
 isbn = {978-3-642-28868-5},
 location = {Tallinn, Estonia},
 pages = {397--416},
 numpages = {20},
 url = {http://dx.doi.org/10.1007/978-3-642-28869-2_20},
 doi = {10.1007/978-3-642-28869-2_20},
 acmid = {2259268},
 publisher = {Springer-Verlag},
 address = {Berlin, Heidelberg},
}

@inproceedings {vale,
  author = {Barry Bond and Chris Hawblitzel and Manos Kapritsos and K. Rustan M. Leino and Jacob R. Lorch and Bryan Parno           and Ashay Rane and Srinath Setty and Laure Thompson},
  title = {Vale: Verifying High-Performance Cryptographic Assembly Code},
  booktitle = {26th {USENIX} Security Symposium ({USENIX} Security 17)},
  year = {2017},
  isbn = {978-1-931971-40-9},
  address = {Vancouver, BC},
  pages = {917--934},
  url = {https://www.usenix.org/conference/usenixsecurity17/technical-sessions/presentation/bond},
  publisher = {{USENIX} Association},
}
