@book{Burton,
author		= "David M. Burton",
title			= "Elementary Number Theory",
publisher	= "Universal Book Stall",
address		= "India",
year			= "2003"
};
@book{integer,
author    = "Laurence A. Wolsey ",
title     = "Integer Programming",
publisher = "John Wiley and Sons",
address   = "USA",
year      = "1998"
};
@book{Isaacs,
author    = "I. Martin Isaacs ",
title     = "Character theory of finite groups",
publisher = "Dover publications Inc.",
address   = "New York",
year      = "1994"
};
@book{Igor,
author    = "Igor R. Shafarevich",
title     = "Basic Notions of Algebra",
publisher = "Springer Verlag",
address   = "USA",
year      = "1999"
};
@book{Neukirch,
author    = "{J\"{u}gen Neukirch}",
title     = "Algebraic Number Theory",
publisher = "Springer Verlag",
address   = "USA",
year      = "1999"
};
@book{Ribenboim,
author    = "Paulo Ribenboim",
title     = "Classical Theory of Algebraic Numbers",
series    = "Universitext",
publisher = "Springer Verlag",
address   = "USA",
year      = "2001"
};
@book{Zuckerman,
author    = "Ivan Niven and Herbert S. Zuckerman and Hugh L. Montgomery",
title     = "{A}n {I}ntroduction to the {T}heory of {N}umbers",
publisher = "John Wiley and Sons",
address   = "Singapore",
year      = "1991"
};
@book{Knuth,
author    = "Donald E. Knuth",
title     = "The {A}rt of {C}omputer {P}rogramming, {V}olume 2, {S}eminumerical {A}lgorithms",
publisher = "Addison-Wesley",
address   = "Reading, MA, USA",
edition   = 3,
year      = 1998
};
@book{harary,
author   = "Frank Harary",
title    = "Graph Theory",
publisher = "Addison-Wesley",
address   = "Reading, Massachusetts",
year      = "1995"
};
@book{garey,
author    = "Michael R. Garey and David S.Johnson",
title     = "Computers and Intractability:A Guide to the Theory of NP-Completeness",
publisher = "W.H.Freeman and Company",
address   = "New York",
year      = "1979"
};
@book{dantzig,
author    = "George B. Dantzig and Mukund N. Thapa",
title     = "Linear Programming 1:Introduction",
publisher = "Springer",
address   = "Berlin",
year      = "1997"
};


@book{papad,
author    = "Christos H. Papadimitriou and Kenneth Steiglitz",
title     = "Combinatorial Optimization:Algorithms and Complexity",
publisher = "Prentice Hall of India",
address   = "New Delhi",
year      = "1997"
};

@book{gill,
author    = "Philip Gill and W.Murray and M.Wright",
title     = "Numerical Linear Algebra and Optimization",
publisher = "Addison-Wesley",
address   = "California",
year      = "1991"
};
@article{vcp2,
author    = "V. C. Prasad and Satish J. and V. Shankar and K. S. P. Rao",
title     = "A fast method for the determination of break points for computer aided coordination of directional relays",
journal   = "Electrical Machines and Power Systems",
volume    = "18",
month     = jan,
year      = "1990",
pages     = "53-69"
};
@article{Toom,
author    = "A L. Toom",
title     = "The complexity of a scheme of functional elements simulating the multiplication of integers",
journal   = "English Translation in Soviet Mathematics",
volume    = "3",
year      = "1963",
pages     = "714-716"
};
@article{vcp3,
author    = "V. C. Prasad and K. S. P. Rao and A. S. Rao",
title     = "Coordination of directional relays without generating all circuits",
journal   = "IEEE Transactions on Power Delivery",
volume    = "6, No.2",
month     = apr,
year      = "1991",
pages     = "584-590"
};


@article{oops,
author    = " Shubha Pandit and S. A. Soman and S. A. Khaparde  ",
title     = "Object-oriented design for power system applications",
journal   = "IEEE Transactions on Power Systems ",
volume    = "16, No. 4",
month     =Nov,
year      = "2001",
pages     = "647-652"
};

@article{mad1,
author    = "S. M. Madani and H. Rijanto",
title     = "A New Application of Graph Theory for coordination of protective relays",
journal   = "IEEE Power Engineering Review",
month     = jun,
year      = "1998",
};



@article{karp,
author  = "Richard Karp",
title     = "Reducibility among combinatorial problems",
journal = "In Complexity of Computer Computations",
pages	= "85-102",
year	= "1972"
};



@article{Plaisted,
author  = "David Plaisted",
title     = "New {NP}-hard and {NP}-complete polynomial and integer divisibility problems",
journal = "Proceedings of $18^{th}$ Annual IEEE symposium on Foundations of Computer Science",
pages	= "241-253",
year	= "1977"
};
@article{pl1,
author  = "David Plaisted",
title     = "Sparse {C}omplex {P}olynomials and {P}olynomial {R}educibility",
journal = "Journal of Computer and System Sciences",
pages	= "210-221",
year	= "1977"
};
@article{chen,
author    = "Zhi-Zhong Chen and Ming-Yang Kao",
title     = "Reducing randomness via irrational numbers",
journal = "Proceedings of the $29^{th}$ Annual ACM Symposium on Theory of Computing",
pages	= "200-209" ,
year      = "2001"
};


@article{Impag,
author = "Russell Impaggliazzo and Valentine Kabanets",
title = "Derandomizing {P}olynomial {I}dentity {T}esting means proving circuit lower bounds",
journal ="Proceedings of the $35^{th}$ Annual ACM Symposium on Theory of Computing",
year=  "2003",
pages ="335-364"
};



@conference{knabel,
author    = "A. H. Knabel",
title     = "A standardized approach to relay Coordination",
publisher   = "IEEE Winter Power Meeting Conference",
year      = "1969"
};
@inproceedings{errorlength,
author    = "Mark Cielieback and Stephen Eidenbenz",
title     = "Measurement {E}rrors {M}ake the {P}artial {D}igest {P}roblem {NP}-hard",
booktitle   = "Proceedings of LATIN 2004, LNCS 2976",
pages = "379-390",
address     = "Buenos Aires, Argentina",
year      = "2004"
};
@article{AKS,
author    = "Manindra Agrawal and Neeraj Kayal and Nitin Saxena",
title     = "Primes is in {P}",
journal   = "Annals of Mathematics",
volume    = "160(2)",
year      = "2004",
pages     = "781-793"
};

@article{Lov,
author ="Laszlo Lovasz",
title ="On determinants, matchings and random algorithms",
journal ="Fundamentals of Computing Theory, edited by L.Budach",
publisher ="Akademia Verlag",
address = "Berlin",
year	="1979"
};
@article{Biswas,
author    = "Manindra Agrawal and Somenath Biswas",
title     = "Primality and Idenity Testing via {C}hinese Remaindering",
journal   = "Journal of the ACM",
volume    = "50(4)",
year      = "2004",
pages     = "429-443"
};

@article{Vadhan,
author    = "Daniel Lewin and Salil Vadhan",
title     = "Checking Polynomial Identities over any field: {T}owards a derandomization?",
journal   = "In proceedings of Annual ACM symposium on Theory of Computing",
year      = "1998",
pages     = "427-438"
};
@article{Rabin,
author    = "Michael O. Rabin",
title     = "Probabilistic Algorithm for Testing Primality",
journal   = "Journal of Number Theory",
year      = "1980",
volume    = "12",
pages     = "128-138"
};
@article{Miller,
author    = "G. L. Miller",
title     = "Riemann's Hypothesis and Tests for Primality",
journal   = "Journal of Computer and System Sciences",
year      = "1976",
volume    = "13",
pages     = "300-317"
};
@article{PCP,
author    = "Sanjeev Arora and Samuel Safra",
title     = "Probabilistic checking of proofs: A new characterization of {NP}",
journal   = "In Proceedings of Annual IEEE symposium on Foundations of Computer Science",
year      = "1992",
pages     = "2-13"
};
@techreport{errornoise,
author ="Mark Cieliebak and Stephan Eidenbenz and Paolo Penna",
title ="{N}oisy {D}ata {M}ake the {P}artial {D}igest {P}roblem {NP}-hard",
institution ="Department of Computer Science, ETH Zurich",
address ="Zurich, Switzerland",
number ="381",
year ="2002"
};


@article{Raz,
author    = "Ran Raz and Amir Shpilka",
title     = "Deterministic {P}olynomial {I}dentity {T}esting in noncommutative models",
journal   = "Computational Complexity Conference",
year      = "2004",
};
@article{Schwartz,
author    = "Jacob T. Schwartz",
title     = "Fast probabilistic algorithms for verification of polynomial identities",
journal   = "Journal of the ACM",
volume    = "27(4)",
year      = "1980",
pages     = "701-717"
};
@article{Zippel,
author   = "Richard Zippel",
title    = "Probabilistic Algorithms for Sparse Polynomials",
journal  = "Proceedings of International Symposium on Symbolic and Algebraic Computation",
year     = "1979",
publisher = "Springer-Verlag",
pages    = "216-226"
};
@article{Saxena,
author   ="Neeraj Kayal and Nitin Saxena",
title    ="Polynomial {I}dentity {T}esting for {D}epth 3 circuits",
journal  ="IEEE Conference on Computational Complexity",
pages    ="9-17",
year     ="2006"
};
@article{Avi,
author   ="Avi Wigderson",
title    ="Applications of the sum-product theorem in finite fields",
journal  ="$21^{st}$ IEEE Conference on Computational Complexity (CCC)",
pages    ="111",
volume   ="14(1)",
year     ="2006"
};
@article{Ext1,
author   ="Boaz Barak and Russell Impagliazzo and Avi Wigderson",
title    ="Extracting Randomness using Few Independent Sources",
journal  ="Proceedings of the $45^{th}$ IEEE Foundations of Computer Science",
year     ="2004",
pages    ="384-393"
};
@article{Expander,
author   ="Jean Bourgain and Alex Gamburd",
title    ="New Results on Expanders",
journal  ="C.R. Acad. Sci. Paris",
year     ="2006"
};
@article{Ext2,
author   ="Boaz Barak and Guy Kindler and Ronen Shatiel and Benny Sudakov and Avi Wigderson",
title    ="Simulating Independence: New Constructions of Condensors, Ramsey Graphs, Dispersers and Extractors",
journal  ="Proceedings of $46^{th}$ ACM Symposium on Theory of Computing",
year     ="2005",
pages    ="1-10"
};
@article{Tao,
author   ="Jean Bourgain and Nets Katz and Terence Tao",
title    ="A Sum-Product Estimate in Finite Fields and Applications",
journal  ="Geometric and Functional Analysis",
pages    ="27-57",
year     ="2004"
};
@article{Leonard,
author   ="Leonard M. Adleman and Kevin S. McCurley",
title    ="Open {P}roblems in {N}umber {T}heoretic {C}omplexity, {II}",
journal  ="Algorithmic Number Theory, ANTS-I",
pages    ="291-322",
year     ="1994"
};
@article{Furer,
author   ="Martin F{\"{u}}rer",
title    ="Faster Integer Multiplication",
journal  ="Proceedings of the $39^{th}$ ACM Symposium on Theory of Computing",
pages    ="57-66",
year     ="2007"
};
@article{Karatsuba,
author   ="A Karatsuba and Y Ofman",
title    ="Multiplication of multidigit numbers on automata",
journal  ="English Translation in Soviet Physics Doklady",
volume   ="7",
pages    ="595-596",
year     ="1963"
};
@article{scho,
author   ="A Sch{\"{o}}nhage and V Strassen",
title    ="Schnelle {M}ultiplikation grosser {Z}ahlen",
journal  ="Computing",
volume   ="7",
pages    ="281-292",
year     ="1971"
};
@article{Umans,
author   ="Henry Cohn and Chris Umans",
title    ="A {G}roup-theoretic {A}pproach to {F}ast {M}atrix {M}ultiplication",
journal  ="Proceedings of the $44^{th}$ Annual IEEE Symposium on Foundations of Computer Science",
pages    ="438-449",
year     ="2003"
};
@article{Szegedy,
author   ="Henry Cohn and Robert Kleinberg and  Balazs Szegedy and Chris Umans",
title    ="Group-theoretic Algorithms for Matrix Multiplication",
journal  ="Proceedings of the $46^{th}$ Annual IEEE Symposium on Foundations of Computer Science",
pages    ="379-388",
year     ="2005"
};
@article{Linnik,
author   ="Yuri V. Linnik",
title    ="On the least prime in an arithmetic progression, {I}. {T}he basic theorem, {II}. {T}he {D}euring-{H}eilbronn's phenomenon",
journal  ="Rec. Math. (Mat. Sbornik)",
pages    ="139-178 and 347-368",
volume   ="15",
year     ="1944"
};
@article{Titchmarsh,
author   ="E. C. Titchmarsh",
title    ="A Divisor Problem",
journal  ="Rend. Circ. Mat. Palerme",
pages    ="414-429",
volume   ="54",
year     ="1930"
};
@article{Tianxin,
author   ="Cai Tianxin",
title    ="Primes Representable by Polynomials and the Lower Bound of the Least Primes in Arithmetic Progressions",
journal  ="Acta Mathematica Sinica, New Series",
pages    ="289-296",
volume   ="6",
year     ="1990"
};
@article{Konyagin,
author   ="Jean Bourgain and Sergei Konyagin",
title    ="Estimates for the number of sum and products and for exponential sums over subgroups
in fields of prime order",
journal  ="C.R. Acad. Sci. Paris",
year     ="2003",
pages    ="75-80"
};
@inproceedings{westindies,
author ="M. K. S. Sastry",
title ="Simplified algorithm to determine break point relays and relay coordination based on network topology",
booktitle ="IEEE International Symposium on Circuits and Systems, ISCAS 2005",
volume = "1",
month = may # "23--26",
year = "2005",

pages = "772-775"
};
@inproceedings{ade,
author ="Rajeev Kumar Gajbhiye and Anindya De and Rupesh Helwade and S A Soman",
title ="A Simple and Efficient Approach to Determination of Minimum Set of Break Point Relays for Transmission Protection System Coordination",
booktitle ="2005 International Conference on Future Power Systems, Available on IEEE Xplore",
month = nov # "16--18",
year = "2005",
};
@inproceedings{Brown,
author="D. R. Heath-Brown",
title="Zero-free regions for {Dirichlet} {L-functions}, and the least prime in an arithmetic progression",
booktitle = "Proceedings of the London Mathematical Society, 64(3)",
pages = "265-338",
year = "1992",
};
@inproceedings{scho_complex,
author  = "Arnold Sch{\"{o}}nhage",
title     = "Asymptotically Fast Algorithms for the Numerical Multiplication and Division of Polynomials with Complex Coefficients",
booktitle = "Computer Algebra, {EUROCAM}",
series = "Lecture Notes in Computer Science",
volume = "144",
pages	= "3-15",
year	= "1982"
};

@article{Baker,
author="Alan J. Baker",
title="An introduction to {$p$-adic} numbers and {$p$-adic} analysis",
journal="Online Notes",
note="http://www.maths.gla.ac.uk/{$\scriptstyle\sim$ajb}/dvi-ps/padicnotes.pdf",
year=2007
}
