@inproceedings{arvind2002graph,
  author="Surender Baswana and Somenath Biswas and Benjamin Doerr and \
    Tobias Friedrich and Piyush P Kurur and Frank Neumann",
  title="Computing Single Source Shortest Paths using Single-Objective\ 
   Fitness Functions",
  booktitle="10th ACM Foundations of Genetic Algorithms (FOGA)",
  year="2009",
  pages="59-66",
}
