@article{ kobler92turing,
	author = "Johannes Kobler and Uwe Schoning and Seinosuke Toda and Jacobo Toran",
	title = "Turing Machines with Few Accepting Computations and Low Sets for {PP}",
	journal = "Journal of Computer and System Sciences",
	volume = "44",
	number = "2",
	pages = "272-286",
	year = "1992"
}
@inproceedings{Shoup1999minimalpolynomial,
  author ="Victor Shoup",
  title  = "Efficient Computation of Minimal Polynomials in\
            Algebraic Extension of Finite Fields",
  booktitle="International Symposium on Symbolic and Algebraic Computation",
  year=1999,
  pages="53-58"
}
@inproceedings{AK2006,
     author = "V. Arvind and Piyush P Kurur",
     title  = "A polynomial time nilpotence test for Galois groups and\
               related results",
     booktitle = "31st International Symposium on Mathematical Foundations\
                 of Computer Science",
     year = 2006,
     pages = "134-145",
     publisher ="Lecture Notes in Computer Science 4162, Springer Verlag"
}

@inproceedings{arvind2002graph,
	author="V. Arvind and Piyush P Kurur",
	title="Graph {Isomorphism} is in {SPP}",
	booktitle="$43^{\mathrm{rd}}$ Annual Symposium of Foundations of \
                   Computer Science",
	year="2002",
	pages="743--750",
	organization="IEEE",
	month="November"
}

@book{neukirch:ant,
  author="J{\"u}rgen Neukirch",
  title="Algebraic {N}umber {T}heory",
  publisher="Springer-Verlag",
  year="1992",
}


@article{bach90grh,
        author="Eric Bach",
        title="Explicit bounds for primality testing and related problems",
        journal="Mathematics of Computation",
        volume="55",
        pages="355--380",
        year="1990"
}
			     
@INPROCEEDINGS{SRLJ:1,                                                
	author = "Sridhar Rajagopalan and Leonard J. Schulman",
	title = "Verifying Identities",
	booktitle = "37th Annual Symposium on Foundations of Computer Science",
	year = 1996,
	pages = "612-616",
	address ="Burlington, Vermont",     
	organization = "IEEE",
	month = "October"
}
@INPROCEEDINGS{GROSEARCH,
	author = "Lov K. Grover",
	title = "A fast quantum mechanical algorithm for database search",
	booktitle = "Twenty-Eighth Annual ACM Symposium on the Theory of Computing",
	year= 1996, 
	pages = "212-219",
	address="Philadelphia, Pennsylvania",
	month = "22-24 May"
}

@book{nielsen:and:chuang,
	author="Michael A. Nielsen and Isaac L. Chuang",
	title="Quantum computation and quantum information",
	year="2000",
	publisher="Cambridge University Press",
}

	


@INPROCEEDINGS{FACTORING,
  author = "Peter W. Shor",
  title = "Algorithms for quantum computation: Discrete logarithms and factoring",
  booktitle = "35th Annual Symposium on Foundations of Computer Science",
  year = 1994,
  pages ="124-134", 
  address="Santa Fe, New Mexico, 20-22",
  month = "November",
  organization="IEEE"                                                
}
@INPROCEEDINGS{BBCMW98, 
	author = "Robert Beals and Harry Buhrman and Richard Cleve and Michele Mosca and Ronald de Wolf",
	title = "Quantum Lower Bounds by Polynomials",
	booktitle = "{IEEE} Symposium on Foundations of Computer Science",
	pages = "352-361",
	year = "1998",
}                                  
@inproceedings{Pat92, 
	author = "R. Paturi",
	title = "On the degree of polynomials that approximate symmetric Boolean functions(preliminary version)",
	booktitle = "Proceedings of $24^{th}$ STOCS",
	pages = "468-474",
	year = 1992
}
@INPROCEEDINGS{AMB00,                                              
	AUTHOR = {Andris Ambainis},
	TITLE = {Quantum lower bounds by quantum arguments},
	BOOKTITLE = {{ACM} Symposium on Theory of Computing},
	PAGES = {636-643},
	YEAR = {2000}
}             
@INPROCEEDINGS{FREIMAT,
	AUTHOR = "R. Freivalds",
	EDITOR = "B. Gilchrist",
	TITLE = "Probabilistic machines can use less running time",
	BOOKTITLE = "Information Processing 77,Proceedings of IFIP Congress 77",
	YEAR=1977,
	PAGES="839-842",
	ADDRESS = "North Holland, Amsterdam"
}
@INPROCEEDINGS{Braexact,
	author = "Gilles Brassard and Peter Hoyer",
	title = "An Exact Quantum Polynomial-Time Algorithm for Simon's Problem",
	booktitle = "Israel Symposium on Theory of Computing Systems",
	pages = "12-23",
	year = "1997",
	url = "citeseer.nj.nec.com/brassard97exact.html"
}

@inproceedings{simon,
	author = "David R.~Simon",
	title = "On the Power of Quantum Computation",
	booktitle = "Proceedings of the 35th Annual Symposium on Foundations of Computer Science",
	publisher = "Institute of Electrical and Electronic Engineers Computer Society Press",
	address = "Los Alamitos, CA",
	pages = "116--123",
	year = "1994",
	url = "citeseer.nj.nec.com/simon94power.html" 
}
@inproceedings{hallgren00normal,
	author ="S Hallgren  and A Russel and A Ta-Shma",
	title="Normal subgroup reconstruction and quantum computing using group\
	representation",
	booktitle="Proceedings of the $32^nd$ ACM Symposium on Theory of Computing",
	year=2000,
	month= "21-23 May",
	pages="627-635",
	address="Portland, Oregon"
}
@inproceedings{WatQMA,
	author = "J. Watrous",
	title ="Succinct quantum proofs for properties of finite groups",
	booktitle= "Proceedings of the $41^{st}$ Annual Symposium on 
		Foundations of Computer Science",
	year=2000,
	pages="537-546"
}
@inproceedings{SymFourier,
	author="R Beals",
	title="Quantum Computation of Fourier transform over symmetric groups",
	booktitle="Proceedings of $29^{th}$ Annual ACM Symposium on the Theory 
		of Computation",
	year=1997,
	pages="45-53",
	publisher="ACM press",
	address= "New York"
}
@inproceedings{QuantAM,
	author = "John Watrous",
	title = "{PSPACE} Has Constant-Round Quantum Interactive Proof Systems",
	booktitle = "{IEEE} Symposium on Foundations of Computer Science",
	pages = "112-119",
	year = "1999",
	url = "citeseer.nj.nec.com/watrous99pspace.html"
}                         
@inproceedings{Babai91,
	author="Lazlo Babai",
	title="Local expansion of vertex transitive graphs and random generation
	in finite groups",
	booktitle="Proceedings of the $23^{rd}$ Annual ACM Symposium on Theory
	of Computation",
	year=1991,
	pages="164-174"
}
@article{Bennett73,
	author="C. H. Bennett",
	title="Logical Reversibility of Computation",
	journal="IBM Journal of Research and Development",
	year=1973,
	volume=17,
	pages="525-532",
	month="November"
}
@article{Bennett89,
	author="C. H. Bennett",
	title="Time/space tradeoff for reversible computation",
	journal="SIAM Journal of Computing",
	volume=18,
	year=1989,
	pages="766-776"
}
@book{structcomp1,
	author = "Jos\'e Luis Balc\'azar and Josep D\'iaz and Joaquim Gabarr\'o",
	title = "Structural Complexity I",
	year = 1988,
	publisher = "Springer-Verlag",
	address= "Berlin",
	volume = 11,
	series = "ETACS monographs on theoretical computer science",
}
@book{ structcomp2,
	author = "Jos\'e Luis Balc\'azar and Josep D\'iaz and Joaquim Gabarr\'o",
	title = "Structural Complexity II",
	year = 1990,
	publisher = "Springer-Verlag",
	address= "Berlin",
	volume = 22,
	series = "ETACS monographs on theoretical computer science",
}
@book{BDG,
	author = "{Jos\'e} Luis {Balc\'azar} and Josep {D\'iaz} and Joaquim {Gabarr\'o}",
	title = "Structural Complexity I \& II",
	year = "1988 and 1990",
	publisher = "Springer-Verlag",
	address= "Berlin",
	series = "ETACS monographs on theoretical computer science",
}
@book{ reptheory,
	author = "Jean-Pierre Serre",
	title = "Linear Representation of Finite Groups",
	year = 1977,
	publisher = "Springer-Verlag",
	address= "New York Inc",
	volume = 42,
	series = "Graduate Texts in Mathematics",
}
@book{ Gruska,
	author="J Gruska",
	title="Quantum Computing",
	year=1999,
	publisher="McGraw-Hill",
	address="London"
}
@book{NielsenandChaung,
	author="Michael A Nielsen and Issac L Chaung",
	title="Quantum Computation and Quantum Information",
	year=2000,
	publisher="Cambridge University Press",
	address="Cambridge, United Kingdom"
}
@article{QuantComplex,
	author="Ethan Bernstein and Umesh Vazirani",
	title="Quantum Complexity theory",
	journal="SIAM Journal of Computing",
	volume=26,
	number=5,
	year=1997,
	pages="1411-1473",
	month="October"
}
@article{QuantComput,
author="Leonard M Adleman and Jonathan Demarrais and Ming-Deh A. Huang.",
	title="Quantum Computability",
	journal="SIAM Journal of Computing",
	volume=26,
	number=5,
	year=1997,
	pages="1524-1540",
	month="October"
}

@inproceedings{BaSz,
	author="L. Babai and M. Szemer\'{e}di",
	title="On the complexity of matrix group problems I",
	booktitle="Proceedings of the 25th IEEE Symposium on Foundations of Computer Science",
	year=1984,
	pages="229-240"
}
@article{StrengthQuant,
	author="Charles H. Bennett and Ethan Bernstein and Gilles Brassard and
	 Umesh Vazirani",
	title="Strengths and Weaknesses of Quantum Computing",
	journal="SIAM Journal of Computing",
	volume=26,
	number=5,
	year=1997,
	pages="1510-1523",
	month="October"
}

@inproceedings{ fortnow98complexity,
	author = "Lance Fortnow and John D. Rogers",
	title = "Complexity Limitations on Quantum Computation",
	booktitle = "{IEEE} Conference on Computational Complexity",
	pages = "202-209",
	year = "1998",
	url = "citeseer.nj.nec.com/article/fortnow97complexity.html"
}


@misc{ boppana87does,                                                          
  author = "R. Boppana and J. Hastad and S. Zachos",                     
  title = "Does co-{NP} Have Short Interactive Proofs",
  text = "Ravi Boppana, Johan Hastad, and Stathis Zachos. Does co-NP Have \
Short Interactive Proofs? Information Processing Letters, 25:127--132",
  month="May",
  year = 1987
} 
                 
@inproceedings{ fenner91gapdefinable,
  author = "Stephen A. Fenner and Lance Fortnow and Stuart A. Kurtz",
  title = "Gap-Definable Counting Classes",
  booktitle = "Structure in Complexity Theory Conference",
  pages = "30-42",
  year = "1991",
  url = "citeseer.nj.nec.com/fenner92gapdefinable.html"
}

@inproceedings{ furst80polynomialtime,
    author = "Merrick L. Furst and John E. Hopcroft and Eugene M. Luks",
    title = "Polynomial-Time Algorithms for Permutation Groups",
    booktitle = "{IEEE} Symposium on Foundations of Computer Science",
    pages = "36-41",
	year = "1980"
}
@book{Hoffmann82,
	AUTHOR = {C. M. Hoffmann},
	TITLE = {Group-Theoretic Algorithms and Graph Isomorphism},
	YEAR = 1982,
	PUBLISHER = {Springer},
	ADDRESS = {Berlin, Heidelberg},
	KEYWORDS = {}
}
@inproceedings{ ivanyos01efficient,
    author = "G. Ivanyos and F. Magniez and M. Santha",
    title = "Efficient quantum algorithms for some instances of the non-Abelian
		hidden subgroup problem",
    booktitle = " $13^{th}$ ACM Symposium on Parallel Algorithms and 
	Architectures",
    pages = "263-270",
	year = "2001"
}
@phdthesis{moscaphd,
	author="M Mosca",
	title="Quantum Computer algorithms	",
	school="Oxford University",
	year=1999
}
@book{gi-book,
    author = "Johannes K{\"o}bler and Uwe Sch{\"o}ning and Jacobo Tor{\'a}n",   
	title="The Graph Isomorphism Problem: Its Structural Complexity",
	publisher="Birkhauser",
	year=1993
}

@article{ kobler92graph,
	author = "Johannes K{\"o}bler and Uwe Sch{\"o}ning and Jacobo Tor{\'a}n",
	title = "Graph Isomorphism is Low for~{PP}",
	journal = "Computational Complexity",
	volume = "2",
	number = "4",
	pages = "301--330",
	year = "1992",
	url = "citeseer.nj.nec.com/obler92graph.html"
}

@article{luks82bounded,
  author    = {Eugene M. Luks},
  title     = "Isomorphism of Graphs of Bounded Valence can be Tested in\
               Polynomial Time",
  journal   = {Journal of Computer and System Sciences},
  volume    = {25},
  number    = {1},
  year      = {1982},
  pages     = {42-65},
  bibsource = {DBLP, http://dblp.uni-trier.de}
}
@article{luks93permutation,
	author="Eugene M. Luks",
	title="Permutation groups and polynomial time computations",
	journal = "DIMACS Series in Discrete Mathematics and Theoretical Computer 
	Science",
	volume = "11",
	pages = "139--175",
	year=1993
}
@article{
@article{mathon79anote,
	author="R Mathon",
	title="A note on graph isomorphism counting problem",
	journal="Information Processing Letters",
	year=1979,
	volume=8,
	number=3,
	month="15 March",
	pages="131--132"
}

@article{ shor97factoring,
	author = "Peter W. Shor",
	title = "Polynomial-Time Algorithms for Prime Factorization and Discrete
	Logarithms on a Quantum Computer",
	journal = "SIAM Journal on Computing",
	volume = "26",
	number = "5",
	pages = "1484--1509",
	year = "1997",
	url = "citeseer.nj.nec.com/231568.html"
}
@inproceedings{schoning87graph,
	author="Uwe Sch{\"o}ning",
	title = "Graph Isomorphism is in the Low Hierarchy",
	booktitle = "Symposium on Theoretical Aspects of Computer Science",
	pages = "114-124",
	year = "1987"
}

@article{sims70computational,
	author="C. C. Sims",
	title="Computational methods in the study of permutation groups",
	journal="Computational problems in Abstract Algebra",
	year=1970,
	editor="J. Leech",
	publisher="Pergamon Press",
	pages="169--183"
}

@book{wielandt64finite,
	author=	"Helmut Wielandt",
	title="Finite Permutation Groups",
	year=1964,
	publisher="Academic Press",
	address="New York"
}
@inproceedings{babai83canonical,
	author="L{\'a}zl{\'o} Babai and Eugene M. Luks",
	title="Canonical labeling of graphs",
   	booktitle="Proceedings of the Fifteenth Annual ACM Symposium on Theory
	of Computing",
	pages= "171--183",
       	year=1983
}  

@article{rains97nonadditive,
	author="Eric M. Rains and R. H. Hardin and Peter W. Shore and N.J,A Sloane",
	title="A nonadditive quantum code",
	journal="Physical Review Letters",
	year=1997,
        volume=79,
	pages="169--183"
}
@article{ calderbank98quantum,                                                 
	author = "Calderbank and Rains and Shor and Sloane",
	title = "{Quantum Error Correction Via Codes Over} {GF(4)}",
	journal = "IEEETIT: IEEE Transactions on Information Theory",
	volume = "44",
	year = "1998",
	url = "citeseer.nj.nec.com/article/calderbank98quantum.html",
}

@inproceedings{landau84galois,
	author="Susan Landau",
	title="Polynomial time algorithms for {Galois} groups",
	editor="John Fitch",
	pages="225--236",
	booktitle="{EUROSAM 84} Proceedings of International Symposium on Symbolic and
	Algebraic Computation",
	publisher="Springer",
	series="Lecture Notes in Computer Sciences",
	volume="174",
	month="July",
	year="1984",
}

@article{landau85solvability,
	author    = {Susan Landau and Gary. L. Miller},
	title = {Solvability by radicals is in Polynomial Time},
	journal = {Journal of  Computer and System Sciences},
	year = {1985},
	volume = {30},
	pages = {179--208},
}
@article{landau85factoring,
	author="Susan Landau",
	title="Factoring polynomials over algebraic number fields",
	journal="SIAM Journal of Computing",
	year="1985",
	volume=14,
	pages="184--195",
}

@book{ vLin,
	author = "J. H. van Lint",
	title = "{Introduction to Coding Theory}",
	year = 1998,
	publisher = "Springer-Verlag",
	address= "New York Inc",
	volume = 86,
        edition="$3^{rd}$",
	series = "Graduate Texts in Mathematics",
}
@incollection{lagarias:1977:effective,
	author="J. C. Lagarias and A. M. Odlyzko",
	title="Effective versions of the {Chebotarev} density theorem",
	booktitle="Algebraic {Number Fields}",
	pages="409--464",
	year=1977,
	editor="A. {Fr\"ohlich}",
	publisher="Academic Press",
	address="London",
}
@book{lang:algebra,
	author="Serge Lang",
	title="Algebra",
	year="1999",
	publisher="{Addison-Wesley Publishing Company, Inc}",
	edition="third",
}
@book{gathen:modern,
	author="Joachim von zur Gathen and {J\"urgen} Gerhard",
	title="Modern Computer Algebra",
	year="1999",
	edition="First",
	publisher="{Cambridge University Press}",
}
@article{stockmeyer85approximating,
	author="L. Stockmeyer",
	title="On approximating algorithms for \#{P}",
	journal="SIAM Journal of Computing",
	volume=14,
	year=1985,
	pages="849--861",
}
@book{cohen:1993,
	author="Henri Cohen",
	title="A Course in Computational Algebraic Number Theory",
	publisher="Springer-Verlag",
	address="Berlin",
	year="1993",
}
@article{lll,
	author="Arjen K. Lenstra and Hendrik W. {Lenstra Jr.}\
		and {L\'aszl\'o} {Lov\'asz}",
	title="Factoring polynomials with rational coefficients",
	journal="Mathematische Annalen",
	volume=261,
	year=1982,
	pages="515--534",
}

@inproceedings{lenstra82factoring,
  author="Arjen K. Lenstra",
  title="Factoring polynomials over algebraic number fields",
  booktitle="Proceedings of the European Computer Algebra Conference\
	     on Computer Algebra",
  pages="245--254",
  month="March",
  year="1983",
 }

@article{berlekamp70factoring,
  author ="E. R. Berlekamp",
  title = "Factoring Polynomials Over Large Finite Fields",
  journal = "Mathematics of Computation",
  volume = "24",
  number ="111",
  pages = "713--735",
  month = "July", 
  year = "1970"
}
@article{berlekamp67factoring,
  author="E. R. Berlekamp",
  title ="Factoring polynomials over finite fields",
  journal="Bell System Tehcnical Journal",
  volume="46",
  pages ="1853--1859",
  year="1967"
}
  
@article{cantor81factoring,
  author = "David G. Cantor and Hans Zassenhaus",
  title = "A new algorithm for factoring polynomials over finite fields",
  journal = "Mathematics of Computation",
  volume = "36",
  number = "154",
  pages = "587--592",
  month = "April",
  year = "1981",
}

@article{lenstra92algorithm,
	author = "Hendrik W. {Lenstra Jr.}",
	title="Algorithms in Algebraic Number Theory",
	journal="Bulletin of the American Mathematical Society",
	year="1992",
	pages="211-244",
	volume=26,
	number=2,
	month="April",
}

@article{lenstra91isomorphisms,
	author = "Hendrik W. {Lenstra Jr.}",
	title="Finding Isomorphisms between finite fields",
	journal="Mathematics of Computation",
	year="1991",
	pages="329--347",
	volume=56,
	number=193,
	month="January",
}


@book{ribenboim:1999,
	author="Paulo Ribenboim",
	title="Classical theory of algebraic numbers",
	series="Universitext", 
	publisher="Springer",
	year="1999",
}
@article{landau:1905:ineq,
	author="E. Landau",
	title="{Sur quelques th\'eor\`emes  de M. Petrovitch relatifs aux z\'eros des
	fonctions analytiques}",
	journal="Bulletin de la Soci\'et\'e de France",
	volume=33,
	year=1905,
	pages="251--261",
}
@book{waerden:1991,
	author="B. L. van der Waerden",
	title="Algebra",
	volume="I",
	publisher="Springer-Verlag",
	year=1991,
	edition="Seventh",
}
@book{hall,
	author="Marshall {Hall Jr.}",
	title="The Theory of Groups",
	year="1959",
	edition="first",
	publisher="The Macmillan Company",
	address="New York",
}

@article{babai82primitive,
  author="L{\'a}zl{\'o} Babai and Peter J. Cameron and P. P. {P\'alfy}",
  title="On the order of primitive groups with restricted nonabelian composition factors",
  journal="Journal of Algebra",
  volume="79",
  year="1982",
  pages="161--168",
}

@article{palfy82primitive,
  author="P. P. {P\'alfy}",
  title="A polynomial bound for the orders of primitive solvable groups",
  journal="Journal of Algebra",
  year="1982",
  month="July",
  pages="127--137",
}
@misc{arvind:2002:nonstabilizer,
	author="V. Arvind and Piyush P Kurur and K. R. Parthasarathy",
	title="Non-stablizer quantum codes from abelian subgroups of the error group",
	howpublished="see http://arxiv.org/abs/quant-ph/0210097",
}
@article{arvind:2004:nonstabilizer,
	author="V. Arvind and Piyush P Kurur and K. R. Parthasarathy",
	title="Non-stabilizer quantum codes from abelian subgroups of the error group",
	journal="Quantum Information, Statistics and Probability",
	year="2004",
	editor="Osamu Hirota",
	publisher="Rinton Press",
	pages="1--29",
	note="Dedicates to {Alexander S. Holevo} on the occasion of his 60th birthday",
}
@inproceedings{adleman:1994:numtheory,
	author="Leonard M. Adleman and Kevin S. McCurley",
	title="Open Problems in Number-Theoretic Complexity, {II}",
	pages="291--322",
	booktitle="Proceedings of ANTS-1",
	publisher="Springer",
	series="Lecture Notes in Computer Sciences",
	volume="877",
	address="NY",
	year="1994",
}
@article{gottesman:1996:error,
	author="D. Gottesman",
	title="A class of quantum error-correcting codes saturating the quantum hamming bound",
	journal="{Physical Review A}", 
	volume=54,
	pages="1862--1868",
	year="1996",
}
@inproceedings{hallgren:2002:polynomialtime,
	author = "S. Hallgren",
	title="Polynomial-time quantum algorithms for Pell's equation and the principal ideal problem",
	booktitle="In Proceedings of the $34^{th}$ ACM Symposium on Theory of Computing, 2002",
	year = "2002",
}

@inproceedings{ fenner93oracle,
	author = "Stephen Fenner and Lance Fortnow and Stuart A Kurtz and Lide Li",
	title = "An Oracle Builder's Toolkit",
	booktitle = "{SCT}: Annual Conference on Structure in Complexity Theory",
	pages="120--131",
	year = "1993"
}
@article{buchmann87units,
	author="Johannes Buchmann",
	title="On computation of units and class number by a generalization of {Lagrange's} algorithm",
	journal="Journal of Number Theory",
	volume="26",
	year="1987",
	pages="8--30"
}
@article{buchmann87period,
	author="Johannes Buchmann",
	title="On the period length of the generalized {Lagrange} algorithm",
	journal="Journal of Number Theory",
	volume="26",
	year="1987",
	pages="31--37"
}
@article{buchmann88infra,
        author="Johannes Buchmann and H. C. Williams",
        title="On the infrastructure of the principal ideal class of an 
              algebraic number field of unit rank one",
        journal="Mathematics of Computation", 
        volume="50",
        year= "1988",
        pages="569-579"
}
@inproceedings{thiel94class,
	author="Christoph Thiel",
	title="Under the assumption of the generalized {Riemann Hyothesis} verifying the class number\
		belongs to $\textrm{NP}\cap \textrm{co-NP}$",
	booktitle="Algorithmic Number Theory, First International Symposium, ANTS-I",
	publisher="Springer",
	series="Lecture Notes in Computer Science",
	volume="877",
	year="1994",
	pages="234--247"
}
@article{buchmann89quadratic,
	author="Johannes Buchmann and H. C. Williams",
	title="On the existence of a short proof for the value of the class number and\
	    regulator of a real quadratic field",
	journal="Number Theory and Applications",
	editor="R. A. Mollin",
	volume=265, 
	series="NATO ASI Series",
	publisher="Kluwer Academic Publishers",
	year=1989,
	pages="327--345"
}
@misc{buchmann:lenstra,
	author="Johammese Buchmann and    Hendrik W. {Lenstra Jr.}",
	title="Computing maximal orders and decomposing primes in number fields",
	howpublished="To appear"
}


@inproceedings{mccurley89class,
         author="K. S. McCurley",
         title="Cryptographic key distribution and computation in class groups",
         booktitle="NATO Advanced Science Institute Series C",
         volume="256",
         publisher="Kluwer, Dordrecht",
         year="1989",
         pages="459--479"
}
@inproceedings{arvind2003galois,
	author="V. Arvind and Piyush P Kurur",
	title="Upper Bounds on the Complexity of Some {G}alois theory problems",
	booktitle="$14^{\mathrm{th}}$ International Symposium on Algorithms and Computation,ISAAC",
	publisher="Springer",
	year="2003",
	series="Lecture Notes in Computer Science",
	volume="2906",
	pages="716--725",
}
@inproceedings{scott1980representation,
	author="L. L. Scott",
	title="Representation in characteristic {$p$}",
	booktitle="Santa Cruz Conference on Finite Groups",
	publisher="American Mathematical Society",
	year="1980",
	pages="319--322",
}
@book{bachman:book:padic,
	author="George Bachman",
	title="{Introduction to {$p$}-adic Numbers and Valuation Theory}",
	year="1964",
	publisher="Academic Press",
	address="New York",
}
@article{arvind2003family,
	author="V. Arvind and K. R. Parthasarathy",
	title="A family of stabilizer codes based on {Weyl} commutation relation over a finite field",
	journal="Volume in honor of C.S. Seshadri's 70th birthday" ,
	note="Preprint quant-ph/0206174",
	editor="V. Lakshmibai",
	pubilisher="Hindustan Book Agency",
	year="2003",
	pages="133--153",
	preprint="quant-ph/0206174",
}
@article{knill2000theory,
	author="Emanuel Knill and Raymond Laflamme",
	title="A theory of quantum error correcting codes",
	journal="Physical Review letters",
	volume="84",
	year="2000",
	pages="2525--2528",
	note="Preprint quant-ph/9604034",
}
@article{cameron81finite,
	author="Peter J. Cameron",
	title="Finite permutation groups and finite simple groups",
	journal="Bulletin of London Mathematical Society",
	volume="13",
	year= "1981",
	pages="1--22",
}

@book{cameron-book-permutation,
	author="Peter J. Cameron",
	title ="Permutation Groups",
	publisher ="Cambridge University Press",
	series="London Mathematical Society Student Text",
	number="45",
	year="1999",
}
@book{motwani97randomized,
	author="Rajeev Motwani and Prabhakar Raghavan",
	title="Randomized Algorithms",
	publisher="Cambridge University Press",
	edition="first",
	year="1997",
}

@inproceedings{arvind2005bounded,
author="V. Arvind and Piyush P Kurur and T. C. Vijayaraghavan",
title="Bounded color multiplicity {G}raph {I}somorphism is in the {$\#L$} hierarchy",
booktitle="20th Conference on Computational Complexity (CCC 2005)",
pages="13--27",
year="2005",
organization="IEEE",
month="June",
}


@article{edmonds65paths,
author =        "Jack Edmonds",
title =         "Paths, Trees, and Flowers",
journal =       "Canadian Journal of Mathematics",
volume =        17,
year =          1965,
pages =         "449--467"
}


@article{toda91pp,
  author    = "Seinosuke Toda",
  title     = "{PP} is as Hard as the Polynomial-Time Hierarchy.",
  journal   = {SIAM J. Comput.},
  volume    = {20},
  number    = {5},
  year      = {1991},
  pages     = {865-877},
  bibsource = {DBLP, http://dblp.uni-trier.de},
}


@book{garey-johnson,
author="M. Garey and D. Johnson",
title="Computers and {Intractability}: A guide to the theory of {NP}-completeness",
publisher="W. H. Freeman",
year="1979",
}

@article{levin-np,
  author="Leonid A. Levin",
  title="Universal Sorting problems",
  journal="Problems of Information Transmission",
  volume= "9",
  pages="265--266",
  year = "1973",
  misc="English translation of original in \emph{Problemy in Peredaci Informacii}",
}
@article{karp-np,
  author="Richard Karp",
  title="Reducibility among combinatorial problems",
  journal="Complexity of computer computations",
  pages="85--104",
  pubilisher="Pelnum Press",
  year="1972",
}

@article{ladner75ptimereduce,
  author="Richard E. Ladner",
  title="On the Structure of Polynomial Time Reducibility",
  journal="Journal of the ACM", 
  volume="22", 
  number=1, 
  year="1975", 
  pages="155--171",
}
@article{fortnow2003history,
  author="Lance J. Fortnow and S. Homer",
  title="A short history of computational complexity",
  editor="D. van Dalen and J. Dawson and A. Kanamori",
  journal="The {History} of {Mathematical} {Logic}",
  publisher="North-Holland",
  address="Amsterdam",
  year="2003",
}

@inproceedings{cook-sat,
  author = "Stephen A. Cook",
  title = "The complexity of theorem-proving procedures",
  booktitle = "Proceedings of the 3rd ACM Symposium on Theory of Computing",
  pages = "151--158",
  year = "1971",
}
@article{valiant79permanent,
  author    = {Leslie G. Valiant},
  title     = {The Complexity of Computing the Permanent.},
  journal   = {Theor. Comput. Sci.},
  volume    = {8},
  year      = {1979},
  pages     = {189-201},
  bibsource = {DBLP, http://dblp.uni-trier.de}
}

@book{burgisser98completeness,
  author = {Peter B\"urgisser},
  title  = {Completeness and Reduction in Algebraic Complexity Theory},
  publisher = {Springer-Verlag},
  year = {1998},
}

@unpublished{toda91determinant,
  author = "Seinosuke Toda",
  title = "Counting Problems Computationally Equivalent to the Determinant",
  note = "manuscript",
  year = "1991",
}

@inproceedings{vinay91pda,
  author = "V. Vinay",
  title = "Counting auxiliary pushdown automata and semi-unbounded arithmetic circuits",
  booktitle = "Proceedings of 6th Structure in Complexity Theory Conference",
  year = "1991",
  pages = "270--284"
}

@article{mahajan99determinant,
  author ="Meena Mahajan and V. Vinay",
  title = "Determinant: Old Algorithms, New Insights",
  journal = "SIAM journal on Discrete Mathematics",
  pages = "474--490",
  volume ={12},
  number = {4},
  year = {1999}
}

@article{ agrawal2004primes,
  author = "Manindra Agrawal and Neeraj Kayal and Nitin Saxena",
  title = "{PRIMES} is in {P}",
  journal = "Annals of Mathematics",
  volume = {160},
  number = {2},
  pages = {781--793},
  year = {2004},
}

@article{stockmeyer76hierarchy,
  author="L. J. Stockmeyer",
  title = "The polynomial hierarchy",
  journal = "Theoretical Computer Science",
  volume = {3},
  pages ={1--22},
  year = {1976}
}

@article{valiant76relative,
  author    = {Leslie G. Valiant},
  title     = {Relative Complexity of Checking and Evaluating.},
  journal   = {Inf. Process. Lett.},
  volume    = {5},
  number    = {1},
  year      = {1976},
  pages     = {20-23},
  bibsource = {DBLP, http://dblp.uni-trier.de}
}

@article{toran2004hardness,
  author = "Jacobo~Tor\'an",
  title = "On the hardness of Graph Isomorphism",
  journal = "SIAM Journal of Computing",
  volume =  "33",
  number = "5",
  pages = "1093--1108",
  year = "2004"
}

@inproceedings{luks86parallel,
  author = "Eugene M. Luks",
  title = "Parallel algorithms for permutation groups and graph isomorphism",
  booktitle = "Proceedings of the IEEE Foundations of Computer Science",
  organization = "IEEE Computer Society",
  pages = "292--302", 
  year="1986",
}

@article{barrington89boundedwidth,
  author    = {David A. Mix Barrington},
  title     = "Bounded-Width Polynomial-Size Branching Programs Recognize\
               Exactly Those Languages in {NC}.",
  journal   = "Journal of Computer and System Sciences",
  volume    = {38},
  number    = {1},
  year      = {1989},
  pages     = {150-164},
  bibsource = {DBLP, http://dblp.uni-trier.de}
}

@article{babai92bounded,
  author="{L\'azl\'o} Babai",
  title="Bounded round interactive proofs in finite groups",
  journal="{SIAM} Journal of Discrete Mathematics",
  year = {1992},
  pages = "88--111",
}
	

@article{buntrock92structure,
  author = "G. Buntrock and C. Damm and U. Hertrampf and C. Meinel",
  title = "Structure and Importance of Logspace-{MOD} Classes",
  journal = "Mathematical Systems Theory",
  volume =  "25",
  number = "3",
  pages = "223--237",
  year = "1992"
}

@article{allender2004arithmetic,
  author="Eric Allender",
  title="Arithmetic Circuits and Counting Complexity Classes",
  journal ="Quaderni di Matematica series",
  editor="Jan Krajicek",
  year= "2004",
  note="To appear"
}
@article{allender99complexity, 
  author="Eric Allender and Robert Beals and Mitsunori Ogihara",
  title = "The complexity of matrix rank and feasible systems of linear \
   equations",
  journal="Computational Complexity", 
  volume="8",
  pages="99--126", 
  year="1999",
}

@article{allender96relationships,
author="Eric Allender and Mitsunori Ogihara",
title="Relationships among {PL}, \#{L} and the determinant",
journal="RAIRO Theoretical Informatics and Applications",
volume="30",
number="1",
pages="1--21",
year="1996"
}

@article{allender99isolation,
author="Eric Allender and K.~Reinhardt and S. Zhou",
title = "Isolation, matching, and counting: Uniform and nonuniform upper\
  bounds",
journal = "Journal of Computer and System Sciences", 
volume="59",
pages="164--181",
year="1999"
}
@article{schoning88graph,
  author    = {Uwe Sch{\"o}ning},
  title     = {Graph Isomorphism is in the Low Hierarchy.},
  journal   = {Journal of Computer and System Sciences.},
  volume    = {37},
  number    = {3},
  year      = {1988},
  pages     = {312-323},
  bibsource = {DBLP, http://dblp.uni-trier.de}
}

@article{ruzzo84spacebounded,
  author="W  L Ruzzo and J Simon and M Tompa",
  title="Space-bounded hierarchies and probabilistic computation",
  journal="Journal of Computer and System Sciences",
  volume="28",
  pages="216--230", 
  year="1984"
}

@article{miller79graph,
  author    = {Gary L. Miller},
  title     = {Graph Isomorphism, General Remarks.},
  journal   = {Journal of Computer and System Sciences},
  volume    = {18},
  number    = {2},
  year      = {1979},
  pages     = {128-142},
  bibsource = {DBLP, http://dblp.uni-trier.de}
}
@article{booth78isomorphism,
  author="K S Booth",
  title="Isomorphism testing for graphs, semigroups and finite automata\
are polynomially equivalent problems",
  journal="{SIAM} Journal on Computing",
  volume="7",
  year="1978",
  pages="273--279",
}


@article{mathon79note,
  author="R Mathon",
  title="A note on graph isomorphism counting problem",
  journal="Information Processing Letters",
  year=1979,
  volume=8,
  number=3,
  month="15 March",
  pages="131--132"
}
@book{dixon91permutationbook,
  author="John D. Dixon and Brian Mortimer",
  title="Permutation Groups",
  publisher="Springer-Verlag",
  series="Graduate texts in mathematics",
  number="163",
  year="1991",
}
@misc{babai79montecarlo,
  author="{L\'azl\'o} Babai",
  title="Monte Carlo algorithms in graph isomorphism testing",
  note="Universitat de Montreal Tech. Report D.M.S 79-10",
  year="1979"
}

@article{luks88solvable,
  author = "Eugene M. Luks and Pierre McKenzie",
  title = "Parallel Algorithms for Solvable Permutation Groups",
  journal = {Journal of Computer and System Sciences},
  volume = {37},
  number = {1},
  year = {1988},
  pages = "39--62",
  bibsource = {DBLP, http://dblp.uni-trier.de}
}

@inproceedings{reingold2005undirected,
  author = "Omer Reingold",
  title = "Undirected {ST}-connectivity in logspace",
   booktitle = "Proceedings of the thirty-seventh annual ACM Symposium on\
Theory of Computing, STOC",
  organization = "ACM",
  pages = "376--385", 
  year="2005",
}


@book{seress2003permutationalgo,
  author="{{\'A}}kos Seress",
  title="Permutation group algorithms",
  publisher="Cambridge University Press",
  series="Cambridge Tracts in Mathematics",
  number="152",
  year="2003",
}

@article{sims78some,
  author="C. C. Sims",
  title="Some group theoretic algorithms",
  editor="A. Dold and B. Eckmann",
  journal="Topics in Algebra",
  series="Lecture notes in Mathematics",
  volume="697",
  year="1978",
  pages="108--124",
  publisher="Springer-Verlag"
}

@article{zemlyachenko85gi,
  author="V. N. Zemlyachenko and N. M. Korneenko and R. I. Tyshkevich",
  title="Graph Isomorphism problem",
  journal="Journal of Soviet Mathematics",
  volume="29",
  year="1985",
  pages="1426--1481",
}
@techreport{luks90lecture,
	author="Eugene M. Luks",
	title="Lectures on polynomial-time computation in groups",
	number="NU-CCS-90-16",
	institution="Northeastern University",
	year="1990",
	note="{http://www.cs.uoregon.edu/{$\tilde{\;}$}luks/northeasterncourse.pdf}",
}

@article{pilar2003deciding-nilpotence,
	author="Pilar Fernandez-Ferreiros and M. Angeles Gomez-Molleda",
	title="Deciding the nilpotency of the {G}alois group by computing\
elements in the centre",
	journal="Mathematics of Computation",
	volume="73",
	number="248",
	year="2003"
}

		
@book{algComplexityBook,
  author="Peter B{{\"u}}rgisser and Michael Clausen and M. Amin Shokrollahi",
  title="Algebraic Complexity Theory",
  publisher="Springer Verlag",
    year="1997"
}

@article{strassen1969gaussian,
author="Volker Strassen",
title="Gaussian elemination is not optimal",
journal="Numer. Math.",
volume=13,
page="354--356",
year="1969"
}

@article{bini1979matrix,
author="D. Bini and M. Capovani and G. Lotti and F. Romani",
title="{$O(n^{2.7799})$} complexity for matrix multiplication",
journal="Information Processing Letters",
pages="234--235",
volume="8",
year="1979",
}

@inproceedings{coppersmith1987matrix,
author="D. Coppersmith and S. Winograd",
title="Matrix multiplication via arithmetic progression",
booktitle = "19th annual ACM Symposium on\
Theory of Computing, STOC",
organization = "ACM",
pages = "1--6", 
year="1987",
}

@inproceedings{pan1978strassen,
author="V. Ya. Pan",
title="Strassen's algorithm is not optimal",
booktitle = "19th FOCS",
organization = "IEEE",
pages = "166--176", 
year="1978",
}

@article{pan1980fast,
author="V. Ya. Pan",
title="New fast algorithm for matrix operations",
journal="SIAM journal of computing",
pages="321--342",
volume="9",
year="1980",
}

@article{strassen1987relative,
author="Volker Strassen",
title="Relative bilinear complexity and matrix multiplication",
journal="Crelles Journal Reine Angew. Math.",
volume="375/376",
pages="406--443",
year="1987",
}

@article{schonhage1981partial,
author="A. Sch{\"o}nhage",
title="Partial and total matrix multiplication",
journal="SIAM journal of Computing",
volume="10",
pages="434--455",
year="1981",
}

@inproceedings{cohn2003group,
author="Henry Cohn and Christopher Umans",
title="A Group-Theoretic approch to fast matrix multiplication",
booktitle="Proceedings of the 44th Annual IEEE Symposium on Foundations of\
Computer Science",
pages="438",
year="2003"
}


@inproceedings{cohn2005groupmatrix,
author="Henry Cohn and Robert Kleinberg and Balazs Szegedy and Christopher Umans",
 title = "Group-theoretic algorithms for matrix multiplication",
booktitle="FOCS",
 pages = {379--388},
  year = {2005}
}

@inproceedings{yao1994betti,
author="Andrew. C. Yao",
title="Decision tree complexity and {Betti} numbers",
booktitle="26th annual ACM Symposium on Theory of computing",
pages="615--624",
year="1994"
}

@article{Toom,
author    = "A L. Toom",
title     = "The complexity of a scheme of functional elements simulating the multiplication of integers",
journal   = "English Translation in Soviet Mathematics",
volume    = "3",
year      = "1963",
pages     = "714-716"
};

@article{Karatsuba,
author   ="A Karatsuba and Y Ofman",
title    ="Multipication of multidigit numbers on automata",
journal  ="English Translation in Soviet Physics Doklady",
volume   ="7",
pages    ="595-596",
year     ="1963"
};

@article{scho,
author   ="A Sch{\"{o}}nhage and V Strassen",
title    ="Schnelle {M}ultiplikation grosser {Z}ahlen",
journal  ="Computing",
volume   ="7",
pages    ="281-292",
year     ="1971"
};

@inproceedings{de2008imul,
	author = "Anindya De and Piyush P Kurur and Chandan Saha and Ramprasad \
		 Saptharishi",
	title = "Fast integer multiplication using modular arithmetic",
	booktitle = "40th ACM Symposium on Theory of Computing, To appear",
	year  = "2008"
}


@article{furer2007fastimul,
author   ="Martin F{\"{u}}rer",
title    ="Faster Integer Multiplication",
journal  ="Proceedings of the $39^{th}$ ACM Symposium on Theory of Computing",
pages    ="57-66",
year     ="2007"
};

@inproceedings{TS50,
author ={N. Tschebotar{\"{o}}w and N. Schwerdtfeger},
title = {Grundz{\"{u}}ge der Galoischen Theorie},
booktitle="Groningen, Djakarta",
address="Noordhoff",
year="1950",
}

@article{SM85,
author="L. Soicher and J. McKay",
title="Computing {G}alois groups over rationals",
journal="Journal of Number Theory",
volume=20,
pages="273-281",
year=1985,
}

@article{MM97,
author="T. Mattman and J. McKay",
title="Computation of {G}alois groups over function fields",
journal="Mathematics of Computation",
volume=66,
pages="823-831",
year=1985,
}


@article{St73,
author="R P Stauduhar",
title="The determination of {G}alois groups",
journal="Mathematics of Computation",
volume=27,
pages="981-996",
year=1973,
}

@book{Co93,
author="H. Cohen",
title="A course in Computational Number Theory",
publisher="Springer-{V}erlag",
address="Berlin, Heidelberg, New York",
year=1993,
}


@article{GK00,
   author={K. Geissler and J. Kl{\"{u}}ners},
   title="Galois group computation for rational polynomials",
   journal="Journal of Symbolic Computation",
   volume=30,
   pages="653-674",
   year=2000,
}

@article{jsc2000,
   author="B.H. Matzat and J. McKay and K. Yokoyama.",
   title="Special Issue on Algorithmic Methods in Galois Theory",
   journal="Journal of Symbolic Computation",
   volume=30,
   year=2000,
}


@article{Mi74,
     title = {An Inequality About Factors of Polynomials},
     author = {Mignotte, M.},
     journal = {Mathematics of Computation},
     volume = {28},
     number = {128},
     pages = {1153-1157},
     url = {http://www.jstor.org/stable/2005373},
     year = {1974},
     publisher = {American Mathematical Society},
    }

@article{Jerrum1986,
author = "Mark Jerrum",
title = "A compact representation for permutation groups",
journal = "Journal of Algorithms",
volume = "7",
number = "1",
pages = "60-78",
year = "1986",
}

@article{galois1830analyse,
author = "{\'E}variste Galois",
title = "Analyse d'un M{\'e}moire sur la r{\'e}solution alg{\'e}brique des {\'e}quations",
journal = "Bulletin des Sciences math{\'e}matiques",
volume = "XIII",
pages = "271",
year = "1830",
}

@article{galois1830note,
author = "{\'E}variste Galois",
title = "Note sur la r{\'e}solution des {\'e}quations num{\'e}riques",
journal = "Bulletin des Sciences math{\'e}matiques",
volume = "XIII",
pages = "413",
year = "1830",
}

@phdthesis{K2006,
  author="Piyush P Kurur",
  title="Complexity upper bounds using permutation group theory",
  school="Institute of Mathematical Sciences",
  address="Chennai, India",
  year="2006"
}
