@article{NW94,
  author    = {Noam Nisan and Avi Wigderson},
  title     = {{Hardness vs Randomness}},
  journal   = {J. Comput. Syst. Sci.},
  volume    = {49},
  number    = {2},
  year      = {1994},
  pages     = {149-167}
}

@inproceedings{Dav83,
  author    = {James H. Davenport},
  title     = {{Factorization of sparse polynominals}},
  booktitle = {EUROCAL},
  year      = {1983},
  pages     = {214-224}
}


@article{K10,
  author    = {Neeraj Kayal},
  title     = {{Algorithms for Arithmetic Circuits}},
  journal   = {Technical Report TR10-073, (ECCC)},
  year      = {2010},
  ee        = {http://www.eccc.uni-trier.de/report/2010/073/},
}


@inproceedings{Sax08,
  author    = {Nitin Saxena},
  title     = {{Diagonal Circuit Identity Testing and Lower Bounds}},
  booktitle = {ICALP (1)},
  year      = {2008},
  pages     = {60-71}
}

@article{P77,
  author    = {David A. Plaisted},
  title     = {{Sparse Complex Polynomials and Polynomial Reducibility}},
  journal   = {J. Comput. Syst. Sci.},
  volume    = {14},
  number    = {2},
  year      = {1977},
  pages     = {210-221}
}


@inproceedings{G83,
  author    = {Joachim von zur Gathen},
  title     = {{Factoring Sparse Multivariate Polynomials}},
  booktitle = {FOCS},
  year      = {1983},
  pages     = {172-179}
}


@inproceedings{LFKN90,
  author    = {Carsten Lund and
               Lance Fortnow and
               Howard J. Karloff and
               Noam Nisan},
  title     = {{Algebraic Methods for Interactive Proof Systems}},
  booktitle = {FOCS},
  year      = {1990},
  pages     = {2-10}
}

@article{Baker,
author="Alan J. Baker",
title="{An introduction to {$p$-adic} numbers and {$p$-adic} analysis}",
journal="Online Notes",
note="http://www.maths.gla.ac.uk/{$\scriptstyle\sim$ajb}/dvi-ps/padicnotes.pdf",
year=2007
}

@article{Titchmarsh,
author   ="E. C. Titchmarsh",
title    ="{A Divisor Problem}",
journal  ="Rend. Circ. Mat. Palerme",
pages    ="414-429",
volume   ="54",
year     ="1930"
};
@article{Tianxin,
author   ="Cai Tianxin",
title    ="{Primes Representable by Polynomials and the Lower Bound of the Least Primes in Arithmetic Progressions}",
journal  ="Acta Mathematica Sinica, New Series",
pages    ="289-296",
volume   ="6",
year     ="1990"
};

@inproceedings{scho_complex,
author  = "Arnold Sch{\"{o}}nhage",
title     = "{Asymptotically Fast Algorithms for the Numerical Multiplication and Division of Polynomials with Complex Coefficients}",
booktitle = "Computer Algebra, {EUROCAM}",
series = "Lecture Notes in Computer Science",
volume = "144",
pages	= "3-15",
year	= "1982"
};

@book{Isaacs,
author    = "I. Martin Isaacs ",
title     = "{Character theory of finite groups}",
publisher = "Dover publications Inc.",
address   = "New York",
year      = "1994"
};

@book{Knuth,
author    = "Donald E. Knuth ",
title     = "{Art of Computer Programming}",
publisher = "Addison-Wesley Professional",
volume    = "2",
year      = "1998"
};



@book{Igor,
author    = "Igor R. Shafarevich",
title     = "{Basic Notions of Algebra}",
publisher = "Springer Verlag",
address   = "USA",
year      = "1999"
};


@article{X09,
  author    = {Triantafyllos Xylouris},
  title     = {{On Linnik's constant}},
  volume    = {arXiv:abs/0906.2749 [math.NT]},
  year      = {2010},
  ee        = {http://arxiv.org/abs/0906.2749}
}

@book{Zuckerman,
author    = "Ivan Niven and Herbert S. Zuckerman and Hugh L. Montgomery",
title     = "{{A}n {I}ntroduction to the {T}heory of {N}umbers}",
publisher = "John Wiley and Sons",
address   = "Singapore",
year      = "1991"
}

@inproceedings{B92,
author="D. R. Heath-Brown",
title="Zero-free regions for {Dirichlet} {L-functions}, and the least prime in an arithmetic progression",
booktitle = "Proceedings of the London Mathematical Society, 64(3)",
pages = "265-338",
year = "1992",
}

@article{L44,
author   ="Yuri V. Linnik",
title    ="On the least prime in an arithmetic progression, {I}. {T}he basic theorem, {II}. {T}he {D}euring-{H}eilbronn's phenomenon",
journal  ="Rec. Math. (Mat. Sbornik)",
pages    ="139-178 and 347-368",
volume   ="15",
year     ="1944"
};


@article{F09,
  author    = {Martin F{\"u}rer},
  title     = {{Faster Integer Multiplication}},
  journal   = {SIAM Journal of Computing},
  volume    = {39},
  number    = {3},
  year      = {2009},
  pages     = {979-1005}
}


@article{T63,
author    = "A L. Toom",
title     = "{The {C}omplexity of a {S}cheme of {F}unctional {E}lements {S}imulating the {M}ultiplication of {I}ntegers}",
journal   = "English Translation in Soviet Mathematics",
volume    = "3",
year      = "1963",
pages     = "714-716"
};


@article{K63,
author   ="A Karatsuba and Y Ofman",
title    ="{Multipication of multidigit numbers on automata}",
journal  ="English Translation in Soviet Physics Doklady",
volume   ="7",
pages    ="595-596",
year     ="1963"
}

@book{S76,
 author = {W. Schimidt},
 title = {{Equations over Finite Fields}},
 year = {1976},
 publisher	=	{Springer-Verlag Lecture Notes in Mathematics No. 536}
}

@article{S74,
  author    = {Joel H. Spencer},
  title     = {{Random Regular Tournaments}},
  journal   = {Periodica Mathematica Hungarica},
  year      = {1974},
  volume 		=	{5},
  number		=	{2},
  pages     = {105-120}
}

@book{V72,
 author = {I.M. Vinogradov},
 title = {{Basic Number Theory}},
 year = {1972},
 address = {Moscow}
}

@article{A52,
  author    = {Nesmith C. Ankeny},
  title     = {{The Least Quadratic Nonresidue}},
  journal   = {Annals of Mathematics},
  year      = {1952},
  volume 		=	{55},
  pages     = {65-72}
}

@inproceedings{B82,
	author	=	{Eric Bach},
	title	=	{{Fast Algorithms under the Extended Riemann Hypothesis: A Concrete Estimate}},
	booktitle	=	{STOC},
	year	=	{1982},
	pages	=	{290-295},
}


@inproceedings{IKS09,
	author	=	{G{\'a}bor Ivanyos and Marek Karpinski and Nitin Saxena},
	title	=	{{Schemes for deterministic polynomial factoring}},
	booktitle	=	{ISSAC},
	year	=	{2009},
	pages	=	{191-198},
}

@article{CH00,
  author    = {Qi Cheng and
               Ming-Deh A. Huang},
  title     = {{Factoring Polynominals over Finite Fields and Stable Colorings
               of Tournaments.}},
  journal   = {ANTS},
  year      = {2000},
  pages     = {233-246}
}

@inproceedings{AMM77,
  author    = {Leonard M. Adleman and
               Kenneth L. Manders and
               Gary L. Miller},
  title     = {{On Taking Roots in Finite Fields}},
  booktitle = {FOCS},
  year      = {1977},
  pages     = {175-178}
}

@inproceedings{H84,
  author    = {Ming-Deh A. Huang},
  title     = {{Factorization of Polynomials over Finite Fields and Factorization
               of Primes in Algebraic Number Fields}},
  booktitle = {STOC},
  year      = {1984},
  pages     = {175-182}
}


@article{L85,
  author    = {Susan Landau},
  title     = {{Factoring Polynomials Over Algebraic Number Fields.}},
  journal   = {SIAM J. Comput.},
  volume    = {14},
  number    = {1},
  year      = {1985},
  pages     = {184-195}
}

@article{R92,
    author = "Lajos R{\'o}nyai",
    title = "{Galois groups and factoring over finite fields}",
    year = "1992",
    journal = "SIAM J. Discrete Math.",
    volume = "5",
    pages = "345-365"
}

@article{R88,
  author    = {Lajos R{\'o}nyai},
  title     = {{Factoring Polynomials Over Finite Fields.}},
  journal   = {J. Algorithms},
  volume    = {9},
  number    = {3},
  year      = {1988},
  pages     = {391-400},
}

@article{H91,
  author    = {Ming-Deh A. Huang},
  title     = {{Generalized Riemann Hypothesis and Factoring Polynomials
               over Finite Fields.}},
  journal   = {J. Algorithms},
  volume    = {12},
  number    = {3},
  year      = {1991},
  pages     = {464-481},
}

@article{E92,
    author = "Sergie Evdokimov",
    title = "Factorization of solvable polynomials over finite fields and the generalized {R}iemann hypothesis",
    year = "1992",
    journal = "Journal of Mathematical Sciences",
    volume = "59",
    number = "3",
    pages = "842-849"
}

@article{MS88,
    author = "M. Mignotte and C.-P. Schnorr",
    title = "cacul deteministe des racines d'un polynome dans un corps fini",
    year = "1988",
    journal = "Comptes Rendus Academie des Sciences",
    volume = "306",
    pages = "467-472"
}

@article{R89,
    author = "Lajos R{\'o}nyai",
    title = "{Factoring polynomials modulo special primes}",
    year = "1989",
    journal = "Combinatorica",
    volume = "9",
    number = "2",
    pages = "199-206"
}

@article{S91,
    author= "Victor Shoup",
    title = {{Smoothness and Factoring Polynomials Over Finite Fields}},
    year = "1991",
    journal = "Information Processing Letters",
    volume = "38",
    number = "1",
    pages   = "39-42"
}

@article{BGL95,
    author = "E. Bach and J. von zur Gathen and H. Lenstra",
    title = "{Deterministic factorization of polynomials over special finite fields}",
    year = "1995",
    journal = "Preprint"
}

@article{G87,
    author = "Joachim von zur Gathen",
    title = "{Factoring polynomials and primitive elements for special primes}",
    year = "1987",
    journal = "Theoretical Computer Science",
    volume = "52",
    pages = "77-89"
}


@article{S90,
  author    = {Victor Shoup},
  title     = {{On the Deterministic Complexity of Factoring Polynomials
               over Finite Fields.}},
  journal   = {Inf. Process. Lett.},
  volume    = {33},
  number    = {5},
  year      = {1990},
  pages     = {261-267},
}

@article{IKRS08,
		author = {G{\'a}bor Ivanyos and Marek Karpinski and Lajos R{\'o}nyai and Nitin Saxena},
		title	= {{Trading GRH for algebra: algorithms for factoring polynomials and related structures}},
		journal	=	{CoRR},
		volume	=	{abs/0811.3165},
		year	=	{2008},
		ee	=	{http://arxiv.org/abs/0811.3165}
}

@article{Sch85,
    author = "Ren{\'e} Schoof",
    title = "{Elliptic curves over finite fields and the computation of square roots mod p}",
    year = "1985",
    volume = "44",
    journal = "Mathematics of Computation",
    pages = "483-494"
}

@article{CZ81,
    author= "David G. Cantor and Hans Zassenhaus",
    title = "{A new algorithm for factoring polynomials over finite fields}",
    year = "1981",
    journal = "Mathematics of Computation",
    pages   = "587-592"
}

@book{L02,
 author = {Serge Lang},
 title = {Algebra},
 year = {2002},
 edition = {Third},
 publisher = {Springer-Verlag, New York Inc.}
}


@book{A91,
 author = {Michael Artin},
 title = {Algebra},
 year = {1991},
 publisher = {Prentice Hall},
 address = {United States}
}

@book{H75,
 author = {I.N. Herstein},
 title = {{Topics in Algebra}},
 year = {1975},
 edition = {Second},
 publisher = {Wiley}
}

@book{DF99,
 author = {Dummit,, David S. and Foote,, Richard M.},
 title = {{Abstract Algebra}},
 year = {1999},
 edition = {Second},
 publisher = {John Wiley and Sons, Inc.}
}

@book{AM69,
 author = {Atiyah,, M.F. and MacDonald,, I.G.},
 title = {{Introduction to Commutative Algebra}},
 year = {1969},
 publisher = {Addison-Wesley Publishing Company},
}


@misc{Algcomp98,
	author	=	{Madhu Sudan},
	title	=	{{Lecture notes for the course `Algebra and Computation'}},
	note	=	{Available from {\tt http://people.csail.mit.edu/madhu/FT98/}}
}


@book{S09,
author    = "Victor Shoup",
title     = "{A Computational Introduction to Number Theory and Algebra}",
publisher = "Cambridge University Press",
address   = "New York",
year      = "2009",
note			= "Available from {\tt http://shoup.net/ntb/}"
}

@book{vg03,
 author = {Gathen,, Joachim Von Zur and Gerhard,, Jurgen},
 title = {{Modern Computer Algebra}},
 year = {2003},
 isbn = {0521826462},
 publisher = {Cambridge University Press},
 address = {New York, NY, USA}
}

@inproceedings{SSS09,
  author    = {Chandan Saha and
               Ramprasad Saptharishi and
               Nitin Saxena},
  title     = {{The Power of Depth 2 Circuits over Algebras}},
  booktitle = {FSTTCS},
  year      = {2009},
  pages     = {371-382}
}


@article{SS10,
  author    = {Nitin Saxena and
               C. Seshadhri},
  title     = {{From Sylvester-Gallai Configurations to Rank Bounds: Improved Black-box Identity Test for Depth-3 Circuits}},
  journal   = {Technical Report TR10-013, (ECCC)},
  year      = {2010},
  ee        = {http://www.eccc.uni-trier.de/report/2010/013/},
}


@inproceedings{SS09,
  author    = {Nitin Saxena and
               C. Seshadhri},
  title     = {{An Almost Optimal Rank Bound for Depth-3 Identities}},
  booktitle = {IEEE Conference on Computational Complexity},
  year      = {2009},
  pages     = {137-148}
}


@inproceedings{KS09,
  author    = {Neeraj Kayal and
               Shubhangi Saraf},
  title     = {{Blackbox polynomial identity testing for depth-$3$ circuits}},
  booktitle = {FOCS},
  year      = {2009}
}

@inproceedings{DS05,
  author    = {Zeev Dvir and
               Amir Shpilka},
  title     = {{Locally decodable codes with 2 queries and polynomial identity
               testing for depth 3 circuits}},
  booktitle = {STOC},
  year      = {2005},
  pages     = {592-601}
}


@inproceedings{S08,
  author    = {Chandan Saha},
  title     = {{Factoring Polynomials over Finite Fields using Balance Test}},
  booktitle = {STACS},
  year      = {2008},
  pages     = {609-620}
}

@article{G01,
  author    = {Shuhong Gao},
  title     = {{On the Deterministic Complexity of Factoring Polynomials}},
  journal   = {J. Symb. Comput.},
  volume    = {31},
  number    = {1/2},
  year      = {2001},
  pages     = {19-36}
}

@inproceedings{M74,
	author	=	{{B R. MACDONALD}},
	title		=	{{Finite Rings with Identity}},
	booktitle	=	{Marcel Dekker},
	place		=	{INC. New York},
	year		=	{1974}
}

@inproceedings{BC88,
  author    = {Michael {Ben-Or} and
               Richard Cleve},
  title     = {{Computing Algebraic Formulas Using a Constant Number of
               Registers}},
  booktitle		= {STOC},
  year      = {1988},
  pages     = {254-257}
}



@inproceedings{KS01,
  author    = {Adam Klivans and
               Daniel A. Spielman},
  title     = {{Randomness efficient identity testing of multivariate polynomials}},
  booktitle = {STOC},
  year      = {2001},
  pages     = {216-223}
}


@inproceedings{LV98,
  author    = {Daniel Lewin and
               Salil P. Vadhan},
  title     = {{Checking Polynomial Identities over any Field: Towards a
               Derandomization?}},
  booktitle   = {STOC},
  year      = {1998},
  pages     = {438-447}
}


@inproceedings{CK97,
  author    = {Zhi-Zhong Chen and
               Ming-Yang Kao},
  title     = {{Reducing Randomness via Irrational Numbers}},
  booktitle   = {STOC},
  year      = {1997},
  pages     = {200-209}
}


@inproceedings{AB99,
  author    = {Manindra Agrawal and
               Somenath Biswas},
  title     = {{Primality and Identity Testing via Chinese Remaindering}},
  booktitle   = {FOCS},
  year      = {1999},
  pages     = {202-209}
}

@inproceedings{L79,
  author    = {L{\'a}szl{\'o} Lov{\'a}sz},
  title     = {{On determinants, matchings, and random algorithms}},
  booktitle   = {FCT},
  year      = {1979},
  pages     = {565-574}
}


@article{CDGK91,
  author    = {Michael Clausen and
               Andreas W. M. Dress and
               Johannes Grabmeier and
               Marek Karpinski},
  title     = {{On Zero-Testing and Interpolation of k-Sparse Multivariate
               Polynomials Over Finite Fields}},
  journal   = {Theor. Comput. Sci.},
  volume    = {84},
  number    = {2},
  year      = {1991},
  pages     = {151-164}
}


@inproceedings{V79,
  author    = {Leslie G. Valiant},
  title     = {{Completeness Classes in Algebra}},
  booktitle = {STOC},
  year      = {1979},
  pages     = {249-261}
}

@article{ALMSS98,
  author    = {Sanjeev Arora and
               Carsten Lund and
               Rajeev Motwani and
               Madhu Sudan and
               Mario Szegedy},
  title     = {{Proof Verification and the Hardness of Approximation Problems}},
  journal   = {Journal of the ACM},
  volume    = {45},
  number    = {3},
  year      = {1998},
  pages     = {501-555}
}



@inproceedings{Shamir90,
  author    = {Adi Shamir},
  title     = {{IP=PSPACE}},
  booktitle   = {FOCS},
  year      = {1990},
  pages     = {11-15}
}


@inproceedings{RS04,
  author    = {Ran Raz and
               Amir Shpilka},
  title     = {{D}eterministic {P}olynomial {I}dentity {T}esting in {N}on-{C}ommutative
               {M}odels},
  booktitle   = {CCC},
  year      = {2004},
  pages     = {215-222},
}

@inproceedings{AMS08,
  author    = {Vikraman Arvind and
               Partha Mukhopadhyay and
               Srikanth Srinivasan},
  title     = {{New Results on Noncommutative and Commutative Polynomial
               Identity Testing}},
  booktitle = {IEEE Conference on Computational Complexity},
  year      = {2008},
  pages     = {268-279}
}

@inproceedings{BW05,
  author    = {Andrej Bogdanov and
               Hoeteck Wee},
  title     = {{More on Noncommutative Polynomial Identity Testing}},
  booktitle = {CCC},
  year      = {2005},
  pages     = {92-99}
}


@inproceedings{A05,
  author    = {Manindra Agrawal},
  title     = {{P}roving {L}ower {B}ounds {V}ia {P}seudo-random {G}enerators},
  booktitle   = {FSTTCS},
  year      = {2005},
  pages     = {92-105},
}

@inproceedings{KI03,
  author    = {Valentine Kabanets and
               Russell Impagliazzo},
  title     = {{D}erandomizing polynomial identity tests means proving circuit
               lower bounds},
  booktitle   = {STOC},
  year      = {2003},
  pages     = {355-364}
}

@article{S80,
  author    = {Jacob T. Schwartz},
  title     = {{F}ast {P}robabilistic {A}lgorithms for {V}erification of {P}olynomial
               {I}dentities},
  journal   = {J. ACM},
  volume    = {27},
  number    = {4},
  year      = {1980},
  pages     = {701-717}
}

@article{Z79,
	author	= {Richard Zippel},
	title	= {{P}robabilistic algorithms for sparse polynomials},
	journal	= {EUROSAM},
	year	= {1979},
	pages	= {216-226}
}

@article{KS07,
  author    = {Neeraj Kayal and
               Nitin Saxena},
  title     = {{P}olynomial {I}dentity {T}esting for {D}epth 3 {C}ircuits},
  journal   = {Computational Complexity},
  volume    = {16},
  number    = {2},
  pages     = {115-138},
  year      = {2007}
}

@inproceedings{AV08,
	author	= {Manindra Agrawal and V Vinay},
	title	= {{A}rithmetic circuits: {A} chasm at depth four},
	booktitle = {FOCS},
	year	= {2008},
	pages = {67-75}
}

@article{BC92,
  author    = {Michael {Ben-Or} and
               Richard Cleve},
  title     = {{C}omputing {A}lgebraic {F}ormulas {U}sing a {C}onstant {N}umber of
               {R}egisters},
  journal   = {SIAM J. Comput.},
  volume    = {21},
  number    = {1},
  year      = {1992},
  pages     = {54-58}
}

@article{AJMV98,
  author    = {Eric Allender and
               Jia Jiao and
               Meena Mahajan and
               V. Vinay},
  title     = {{N}on-{C}ommutative {A}rithmetic {C}ircuits: {D}epth {R}eduction and
               {S}ize {L}ower {B}ounds},
  journal   = {Theor. Comput. Sci.},
  volume    = {209},
  number    = {1-2},
  year      = {1998},
  pages     = {47-86}
}

@inproceedings{Nis91,
 author = {Noam Nisan},
 title = {{Lower bounds for non-commutative computation}},
 booktitle = {STOC},
 year = {1991},
 pages = {410-418}
}

@inproceedings{CS04,
  author    = {Steve Chien and
               Alistair Sinclair},
  title     = {{Algebras with Polynomial Identities and Computing the Determinant}},
  booktitle = {FOCS},
  year      = {2004},
  pages     = {352-361}
}



@article{VSBR83,
  author    = {Leslie G. Valiant and
               Sven Skyum and
               S. Berkowitz and
               Charles Rackoff},
  title     = {{Fast Parallel Computation of Polynomials Using Few Processors}},
  journal   = {SIAM J. Comput.},
  volume    = {12},
  number    = {4},
  year      = {1983},
  pages     = {641-644}
}


@misc{CP03,
    author = {R. Crandall and J. Papadopoulos},
    title = {{On the implementation of AKS-class primality tests}},
    month = {March},
    year = {2003},
    note = {Available from {\tt http://www.apple.com/acg/pdf/aks3.pdf} }
}

@inproceedings{HR07,
  author    = {Ishay Haviv and
               Oded Regev},
  title     = {{Tensor-based hardness of the shortest vector problem to
               within almost polynomial factors}},
  booktitle = {STOC},
  year      = {2007},
  pages     = {469-477}
}


@inproceedings{GG98,
  author    = {Oded Goldreich and
               Shafi Goldwasser},
  title     = {{On the Limits of Non-Approximability of Lattice Problems}},
  booktitle = {STOC},
  year      = {1998},
  pages     = {1-9}
}

@inproceedings{AR04,
  author    = {Dorit Aharonov and
               Oded Regev},
  title     = {{Lattice Problems in NP $\cap$ coNP}},
  booktitle = {FOCS},
  year      = {2004},
  pages     = {362-371}
}


@inproceedings{AS05,
  author    = {Manindra Agrawal and
               Nitin Saxena},
  title     = {{Automorphisms of Finite Rings and Applications to Complexity
               of Problems}},
  booktitle = {STACS},
  year      = {2005},
  pages     = {1-17}
}

@inproceedings{SWD96,
    author = "Oliver Schirokauer and Damian Weber and Thomas F. Denny",
    title = "{Discrete Logarithms: The Effectiveness of the Index Calculus Method}",
    booktitle = "{ANTS}",
    pages = "337-361",
    year = "1996" 
}

@article{BW08,
  author    = {Joe Buhler and Stan Wagon},
  title			=	{{Basic algorithms in number theory}},
  journal   = {Algorithmic Number Theory: Lattices, Number Fields, Curves and Cryptography, MSRI Publications},
  volume    = {44},
  pages			=	{25-68},
  year      = {2008}
}

@inproceedings{Mc90,
 author = {Kevin S. McCurley},
 title = {{The Discrete Logarithm Problem}},
 booktitle = {Proceedings of Symposia in Applied Mathematics},
 year = {1990},
 volume	=	{42},
 pages = {49-74}
}

@article{P78,
 author = {J. M. Pollard},
 title = {{Monte Carlo Methods for Index Computation mod $p$}},
 journal = {Mathematics of Computation},
 volume = {32},
 number = {143},
 year = {1978},
 pages = {918-924},
}

@inproceedings{A79,
 author = {Adleman, Leonard},
 title = {{A subexponential algorithm for the discrete logarithm problem with applications to cryptography}},
 booktitle = {Proceedings of the 20th Annual Symposium on Foundations of Computer Science},
 year = {1979},
 pages = {55--60}
}

@inproceedings{P87,
 author = {Carl Pomerance},
 title = {{Fast, rigorous factorization and discrete logarithm algorithms}},
 booktitle = {Discrete Algorithms and Complexity},
 year = {1987},
 publisher = {Academic Press},
 pages = {119-143},
}

@article{MW99,
 author = {Maurer, Ueli M. and Wolf, Stefan},
 title = {{The Relationship Between Breaking the Diffie--Hellman Protocol and Computing Discrete Logarithms}},
 journal = {SIAM J. Comput.},
 volume = {28},
 number = {5},
 year = {1999},
 pages = {1689--1721},
}


@article{MB75,
  author    = {M. Morrison and J. Brillhart},
  title			=	{{A method of factoring and the factorization of $F_7$}},
  journal   = {Mathematics of Computation},
  volume    = {29},
  pages			=	{183-205},
  year      = {1975}
}

@article{C93,
  author    = {Don Coppersmith},
  title			=	{{Modifications to the number field sieve}},
  journal   = {Journal of Cryptology},
  volume    = {6},
  pages			=	{169-180},
  year      = {1993}
}

@inproceedings{V89,
 author = {Vall\'{e}e, B.},
 title = {{Provably fast integer factoring with quasi-uniform small quadratic residues}},
 booktitle = {STOC '89: Proceedings of the twenty-first annual ACM symposium on Theory of computing},
 year = {1989},
 pages = {98--106},
}

@book{CP05,
 author = {Crandall,, Richard and Pomerance,, Carl},
 title = {{Prime Numbers: A Computational Perspective}},
 year = {2005},
 publisher = {Springer},
 address = {USA}
}


@article{P96,
  author    = {Carl Pomerance},
  title			=	{{A Tale of Two Sieves}},
  journal   = {Notices of the American Mathematical Society},
  volume    = {43},
  pages			=	{1473-1485},
  year      = {1996}
}

@inproceedings{P82,
	author		=	{Carl Pomerance},
  editor    = {H.W. Lenstra Jr. and R. Tijdeman},
  title     = {{Analysis and comparison of some integer factoring algorithms}},
  booktitle	=	{Computational Methods in Number Theory},
  series    = {Math. Centrum Tract},
  volume    = {154},
  year      = {1982},
  pages			=	{89-139}
}


@article{P08b,
  author    = {Carl Pomerance},
  title			=	{{Smooth numbers and the quadratic sieve}},
  journal   = {Algorithmic Number Theory: Lattices, Number Fields, Curves and Cryptography, MSRI Publications},
  volume    = {44},
  pages			=	{69-81},
  year      = {2008}
}

@article{G08,
  author    = {Andrew Granville},
  title			=	{{Smooth numbers: computational number theory and beyond}},
  journal   = {Algorithmic Number Theory: Lattices, Number Fields, Curves and Cryptography, MSRI Publications},
  volume    = {44},
  pages			=	{267-323},
  year      = {2008}
}

@article{L08,
  author    = {Hendrik W. Lenstra Jr.},
  title			=	{{Lattices}},
  journal   = {Algorithmic Number Theory: Lattices, Number Fields, Curves and Cryptography, MSRI Publications},
  volume    = {44},
  pages			=	{127-181},
  year      = {2008}
}

@article{S08a,
  author    = {Oliver Schirokauer},
  title			=	{{The impact of the number field sieve on the discrete logarithm problem in finite fields}},
  journal   = {Algorithmic Number Theory: Lattices, Number Fields, Curves and Cryptography, MSRI Publications},
  volume    = {44},
  pages			=	{397-420},
  year      = {2008}
}

@article{P08a,
  author    = {Carl Pomerance},
  title			=	{{Elementary thoughts on discrete logarithms}},
  journal   = {Algorithmic Number Theory: Lattices, Number Fields, Curves and Cryptography, MSRI Publications},
  volume    = {44},
  pages			=	{385-396},
  year      = {2008}
}

@article{K26,
	author	=	{M. Kraitchik},
	title	=	{{Th\'{e}orie des Nombres, Tome II}},
	year	=	{1926}
}

@article{K29,
	author	=	{M. Kraitchik},
	title	=	{{Recherches sur la Th\'{e}orie des Nombres, Tome II}},
	year	=	{1929}
}

@inproceedings{P94,
  author    = {Carl Pomerance},
  title     = {{The Role of Smooth Numbers in Number Theoretic Algorithms}},
  booktitle = {Proceedings of the International Congress of Mathematicians},
  year      = {1994},
}

@article{CEP83,
	author = {Earl Rodney Canfield and Paul Erd\"{o}s and Carl Pomerance},
	title  = {{On a problem of Oppenheim concerning ``factorisatio numerorum"}},
	journal	=	{Journal of Number Theory},
	year	 = {1983},
	volume = {17},
	pages  = {1-28}
}

@article{D30,
	author = {Karl Dickman},
	title  = {{On the frequency of numbers containing prime factors of a certain relative magnitude}},
	journal	=	{Arkiv f\"{o}r Mathematik, Fysik},
	year	 = {1930},
	volume = {22},
	pages  = {1-14}
}

@article{L87,
	author = {Hendrik W. Lenstra Jr.},
	journal = {Annals of Mathematics},
	pages = {649-673},
	title = {{Factoring integers with elliptic curves}},
	volume = {126},
	year = {1987}
}

@article{M74,
	author = {Maurice Mignotte},
	title  = {{An Inequality About Factors of Polynomials}},
	journal	=	{Mathematics of Computation},
	year	 = {1974},
	volume = {28},
	number = {128},
	pages  = {1153-1157}
}

@proceedings{ANT08,
  editor    = {Joseph P. Buhler and Peter Stevenhagen},
  title     = {{Algorithmic Number Theory: Lattices, Number Fields, Curves and Cryptography}},
  publisher = {Cambridge University Press},
  series    = {Mathematical Sciences Research Institute Publications},
  volume    = {44},
  year      = {2008}
}


@article{K05,
  author    = {Subhash Khot},
  title     = {{Hardness of approximating the shortest vector problem in
               lattices}},
  journal   = {J. ACM},
  volume    = {52},
  number    = {5},
  year      = {2005},
  pages     = {789-808}
}

@article{M00,
  author =  {Daniele Micciancio},
  title =  {{The Shortest Vector Problem is {NP}-hard to approximate to within some constant}},
  journal =  {SIAM Journal on Computing},
  year =  2000,
  volume = 30,
  number = 6,
  pages = {2008-2035}
}

@inproceedings{A98,
  author    = {Mikl{\'o}s Ajtai},
  title     = {{The Shortest Vector Problem in {$L_{\mbox{2}}$} is {NP}-hard
               for Randomized Reductions (Extended Abstract)}},
  booktitle = {STOC},
  year      = {1998},
  pages     = {10-19}
}

@book{M10,
	author	=	{Hermann Minkowski},
	title	=	{{Geometrie der Zahlen}},
	year	=	{1910},
	publisher = {B. G. Teubner},
	address = {Leipzig}
}


@article{H18,
	author	=	{Kurt Hensel},
	title	=	{{Eine neue Theorie der algebraischen Zahlen}},
	journal	=	{Mathematische Zeitschift},
	year	=	{1918},
	volume	=	{2},
	pages	=	{433-452}
}

@inproceedings{KS05,
  author    = {Neeraj Kayal and
               Nitin Saxena},
  title     = {{On the Ring Isomorphism and Automorphism Problems}},
  booktitle = {IEEE Conference on Computational Complexity},
  year      = {2005},
  pages     = {2-12}
}



@article{F85,
	author	=	{E Fouvry},
	title	=	{{Theoreme de Brun-Titchmarsh; application au theoreme de Fermat}},
	journal	=	{Invent. Math.},
	volume = {79},
	pages	=	{383-407},
	year	=	{1985}
}


@article{AGP94,
	author = {W. R. Alford and A. Granville and C. Pomerance},
	title	=	{{There are Infinitely Many Carmichael Numbers}},
	journal	=	{Annals of Mathematics},
	volume = {139},
	pages	=	{703-722},
	year	=	{1994}
}


@article{C10,
	author	=	{Carmichael, R. D.},
	title	=	{{Note on a New Number Theory Function}},
	journal	=	{Bull. Amer. Math. Soc.},
	volume	=	{16},
	pages	=	{232-238},
	year	=	{1910}
}


@book{LN94,
	author	=	{Rudolf Lidl and Harald Neiderreiter},
	title = {{Introduction to finite fields and their applications}},
	year	=	{1994},
	publisher	=	{Cambridge University Press}
}

@article{B67,
	author = {Elwyn Berlekamp},
	title	=	{{Factoring Polynomials Over Finite Fields}},
	journal	=	{Bell System Technical Journal},
	volume	=	{46},
	pages	=	{1853-1859},
	year	=	{1967}
}

@article{CT65,
	author = {Cooley, James  W.  and Tukey, John  W. },
	journal = {Mathematics of Computation},
	number = {90},
	pages = {297--301},
	title = {{An Algorithm for the Machine Calculation of Complex Fourier Series}},
	volume = {19},
	year = {1965}
}


@article{PH78,
	title = {{An improved algorithm for computing logarithms over GF(p) and its cryptographic significance}},
	author = {S. Pohlig and M. Hellman},
	journal = {IEEE Transactions on Information Theory},
	year	=	{1978},
	volume	=	{24},
	issue = {1},
	pages	=	{106-110}
}

@article{W86,
  author    = {Douglas H. Wiedemann},
  title     = {{Solving sparse linear equations over finite fields}},
  journal   = {IEEE Transactions on Information Theory},
  volume    = {32},
  number    = {1},
  year      = {1986},
  pages     = {54-62}
}

@inproceedings{KS91,
  author    = {Erich Kaltofen and
               B. David Saunders},
  title     = {{On Wiedemann's Method of Solving Sparse Linear Systems}},
  booktitle = {AAECC},
  year      = {1991},
  pages     = {29-38}
}




@article{O00,
  author    = {Andrew M. Odlyzko},
  title     = {{Discrete Logarithms: The Past and the Future}},
  journal   = {Des. Codes Cryptography},
  volume    = {19},
  number    = {2/3},
  year      = {2000},
  pages     = {129-145}
}

@article{K87,
	author = {Koblitz, Neal},
	journal = {Mathematics of Computation},
	number = {177},
	pages = {203--209},
	title = {{Elliptic Curve Cryptosystems}},
	volume = {48},
	year = {1987}
}


@techreport{B84,
 author = {Bach,, Eric},
 title = {{Discrete Logarithms and Factoring}},
 year = {1984},
 publisher = {University of California at Berkeley},
 address = {Berkeley, CA, USA}
 }


@article{COS86,
  author    = {Don Coppersmith and
               Andrew M. Odlyzko and
               Richard Schroeppel},
  title     = {{Discrete Logarithms in GF(p)}},
  journal   = {Algorithmica},
  volume    = {1},
  number    = {1},
  year      = {1986},
  pages     = {1-15}
}

@inproceedings{AM94,
  author    = {Leonard M. Adleman and
               Kevin S. McCurley},
  title     = {{Open problems in number theoretic complexity, II}},
  booktitle = {ANTS},
  year      = {1994},
  pages     = {291-322}
}

@book{AHU74,
  author    = {Alfred V. Aho and
               John E. Hopcroft and
               Jeffrey D. Ullman},
  title     = {{The Design and Analysis of Computer Algorithms}},
  publisher = {Addison-Wesley},
  year      = {1974}
}


@book{BCS97,
	author	=	{Peter B{\"u}rgisser and Michael Clausen and Mohammad A. Shokrollahi},
	publisher	=	{Springer-Verlag},
	year	=	{1997},
	series	=	{Grundlehren der mathematischen Wissenschaften},
	volume	=	{315},
	title	=	{{Algebraic Complexity Theory}}
}


@article{S69,
	author = {V. Strassen},
	journal = {Numerische Mathematik},
	pages = {354-356},
	title = {{Gaussian Elimination is not Optimal}},
	volume = {13},
	number	=	{3},
	year = {1969}
}

@inproceedings{CW87,
  author    = {Don Coppersmith and
               Shmuel Winograd},
  title     = {{Matrix Multiplication via Arithmetic Progressions}},
  booktitle = {STOC},
  year      = {1987},
  pages     = {1-6}
}



@article{LP92,
	author = {Hendrik W. Lenstra Jr. and Carl Pomerance},
	journal = {Journal of the American Mathematical Society},
	pages = {483--516},
	title = {{A Rigorous Time Bound for Factoring Integers}},
	volume = {5},
	year = {1992}
}

@article{L00,
  author    = {Arjen K. Lenstra},
  title     = {Integer Factoring},
  journal   = {Des. Codes Cryptography},
  volume    = {19},
  number    = {2/3},
  year      = {2000},
  pages     = {101-128}
}

@inproceedings{Ka05,
  author    = {Neeraj Kayal},
  title     = {Solvability of a System of Bivariate Polynomial Equations
               over a Finite Field},
  booktitle = {ICALP},
  year      = {2005},
  pages     = {551-562}
}

@article{AKS04,
	author = {Manindra Agrawal and Neeraj Kayal and Nitin Saxena },
	journal = {Annals of Mathematics},
	number = {2},
	pages = {781--793},
	title = {PRIMES is in {P}},
	volume = {160},
	year = {2004}
}

@misc{LP05,
    author = {Hendrik W. Lenstra Jr. and Carl Pomerance},
    title = {{Primality testing with Gaussian periods}},
    month = {July},
    year = {2005},
    note = {Available from {\tt http://www.math.dartmouth.edu/~carlp/PDF/complexity12.pdf} }
}


@article{R80,
	author = {Rabin, Michael  O. },
	journal = {J. Number Theory},
	number = {1},
	pages = {128-138},
	title = {{Probabilistic algorithm for testing primality}},
	volume = {12},
	year = {1980}
}



@article{M76,
  author    = {Gary L. Miller},
  title     = {{Riemann's Hypothesis and Tests for Primality}},
  journal   = {J. Comput. Syst. Sci.},
  volume    = {13},
  number    = {3},
  year      = {1976},
  pages     = {300-317}
}


@inproceedings{F07,
  author    = {Martin F{\"u}rer},
  title     = {{Faster Integer Multiplication}},
  booktitle = {39th ACM Symposium on Theory of Computation (STOC 2007)},
  year      = {2007},
  pages     = {57-66}
}



@inproceedings{DKSS08,
  author    = {Anindya De and
               Piyush P. Kurur and
               Chandan Saha and
               Ramprasad Saptharishi},
  title     = {{Fast integer multiplication using modular arithmetic}},
  booktitle = {STOC},
  year      = {2008},
  pages     = {499-506}
}



@article{SS71,
author   ="A Sch{\"{o}}nhage and V Strassen",
title    ="Schnelle {M}ultiplikation grosser {Z}ahlen",
journal  ="Computing",
volume   ="7",
pages    ="281-292",
year     ="1971"
}

@inproceedings{K89,
    author = {Erich Kaltofen},
    title = {{Factorization of Polynomials Given by Straight-Line Programs}},
    booktitle = {Randomness and Computation},
    year = {1989},
    pages = {375--412},
    publisher = {JAI Press}
}


@article{K85,
  author    = {Erich Kaltofen},
  title     = {{Polynomial-Time Reductions from Multivariate to Bi- and
               Univariate Integral Polynomial Factorization}},
  journal   = {SIAM Journal of  Computing},
  volume    = {14},
  number    = {2},
  year      = {1985},
  pages     = {469-489}
}

@article{LLL82,
  author    = {Arjen K. Lenstra and Hendrik W. Lenstra Jr. and L{\'a}szl{\'o} Lov{\'a}sz},
  title     = {{Factoring polynomials with rational coefficients}},
  journal   = {Mathematische Annalen},
  volume    = {261},
  number    = {4},
  year      = {1982},
  pages     = {515-534}
}

@inproceedings{E94,
  author    = {Sergei Evdokimov},
  title     = {{Factorization of polynominals over finite fields in subexponential
               time under GRH}},
  booktitle = {ANTS},
  year      = {1994},
  pages     = {209-219}
}


@article{GP01,
  author    = {Joachim von zur Gathen and
               Daniel Panario},
  title     = {{Factoring Polynomials Over Finite Fields: A Survey}},
  journal   = {J. Symb. Comput.},
  volume    = {31},
  number    = {1/2},
  year      = {2001},
  pages     = {3-17}
}


@article{KS98,
  author    = {Erich Kaltofen and
               Victor Shoup},
  title     = {{Subquadratic-time factoring of polynomials over finite fields}},
  journal   = {Math. Comput.},
  volume    = {67},
  number    = {223},
  year      = {1998},
  pages     = {1179-1197}
}



@article{GS92,
  author    = {Joachim von zur Gathen and
               Victor Shoup},
  title     = {{Computing Frobenius Maps and Factoring Polynomials}},
  journal   = {Computational Complexity},
  volume    = {2},
  year      = {1992},
  pages     = {187-224}
}

@article{B70,
 author = {E. R. Berlekamp},
 title = {{Factoring Polynomials Over Large Finite Fields}},
 journal = {Mathematics of Computation},
 volume = {24},
 number = {111},
 year = {1970},
 pages = {713-735},
 publisher = {Academic Press, Inc.},
 address = {Duluth, MN, USA}
}



@inproceedings{KU08,
  author    = {Kiran S. Kedlaya and
               Christopher Umans},
  title     = {{Fast Modular Composition in any Characteristic}},
  booktitle = {FOCS},
  year      = {2008},
  pages     = {146-155},
}



@article{BK78,
 author = {Brent,, R. P. and Kung,, H. T.},
 title = {{Fast Algorithms for Manipulating Formal Power Series}},
 journal = {J. ACM},
 volume = {25},
 number = {4},
 year = {1978},
 pages = {581--595},
 publisher = {ACM},
 address = {New York, NY, USA},
}


@misc{Su99,
	author	=	{Madhu Sudan},
	title	=	{Notes on an efficient solution to the rational function interpolation problem},
	note	=	{Available from {\tt http://people.csail.mit.edu/madhu/FT01/notes/rational.ps}}
}
	

@misc{R99,
	author	=	{Michael Rosenblum},
	title	=	{A fast algorithm for rational function approximations},
	note	=	{Available from {\tt http://people.csail.mit.edu/madhu/FT01/notes/rosenblum.ps}}
}


@book{MS81,
 author = {Florence Jessie MacWilliams and  Neil J. A. Sloane},
 title = {{The Theory of Error-Correcting Codes}},
 year = {1981},
 publisher = {North Holland},
 address = {Amsterdam}
}

@book{G04,
  author    = {Venkatesan Guruswami},
  title     = {{List Decoding of Error-Correcting Codes (Winning Thesis
               of the 2002 ACM Doctoral Dissertation Competition)}},
  publisher = {Springer},
  series    = {Lecture Notes in Computer Science},
  volume    = {3282},
  year      = {2004},
  isbn      = {3-540-24051-9}
}


@inproceedings{BKR06,
  author    = {Eli Ben-Sasson and
               Swastik Kopparty and
               Jaikumar Radhakrishnan},
  title     = {{Subspace Polynomials and List Decoding of Reed-Solomon Codes}},
  booktitle = {FOCS},
  year      = {2006},
  pages     = {207-216}
}


@article{GS99,
  author    = {Venkatesan Guruswami and
               Madhu Sudan},
  title     = {{Improved decoding of Reed-Solomon and algebraic-geometry
               codes}},
  journal   = {IEEE Transactions on Information Theory},
  volume    = {45},
  number    = {6},
  year      = {1999},
  pages     = {1757-1767}
}



@article{J76,
  author    = {J{\o}rn Justesen},
  title     = {{On the complexity of decoding Reed-Solomon codes}},
  journal   = {IEEE Transactions on Information Theory},
  volume    = {22},
  number    = {2},
  year      = {1976},
  pages     = {237-238}
}

@article{S97,
  author    = {Madhu Sudan},
  title     = {{Decoding of Reed Solomon Codes beyond the Error-Correction
               Bound}},
  journal   = {J. Complexity},
  volume    = {13},
  number    = {1},
  year      = {1997},
  pages     = {180-193}
}


@misc{WB86,
	author = {Lloyd R. Welch and Elwyn R. Berlekamp},
	title	=	{{Error correction for algebraic block codes}},
	note	=	{U.S. Patent Number 4,633,470},
	year	=	{1986},
	month	=	{December}
}

@article{RS60,
	author = {Reed, I. S.  and Solomon, G. },
	journal = {Journal of the Society for Industrial and Applied Mathematics},
	number = {2},
	pages = {300--304},
	publisher = {SIAM},
	title = {Polynomial {C}odes {O}ver {C}ertain {F}inite {F}ields},
	volume = {8},
	year = {1960}
}


@phdthesis{M05,
 author = {Mahalanobis,, Ayan},
 note = {Adviser-Magliveras,, Spyros},
 title = {{Diffie-Hellman key exchange protocol, its generalization and nilpotent groups}},
 year = {2005},
 isbn = {0-542-12715-6},
 order_no = {AAI3174733},
 publisher = {Florida Atlantic University},
 address = {Boca Raton, FL, USA}
}

@article{G93,
  author    = {Daniel M. Gordon},
  title     = {{Discrete Logarithms in {\it GF(p)} Using the Number Field
               Sieve}},
  journal   = {SIAM J. Discrete Math.},
  volume    = {6},
  number    = {1},
  year      = {1993},
  pages     = {124-138}
}

@article{DH76,
    author = "Whitfield Diffie and Martin E. Hellman",
    title = "{New Directions in Cryptography}",
    journal = "IEEE Transactions on Information Theory",
    volume = "IT-22",
    number = "6",
    pages = "644--654",
    year = "1976",
}

@article{C97,
  author    = {Don Coppersmith},
  title     = {{Small Solutions to Polynomial Equations, and Low Exponent
               RSA Vulnerabilities}},
  journal   = {J. Cryptology},
  volume    = {10},
  number    = {4},
  year      = {1997},
  pages     = {233-260}
}

@book{K01,
 author = {Katzenbeisser,, Stefan},
 title = {{Recent Advances in RSA Cryptography}},
 year = {2001},
 publisher = {Kluwer Academic Publishers},
 address = {Norwell, MA, USA}
 }



@article{B99,
    author = {Dan Boneh},
    title = {{Twenty Years of Attacks on the RSA Cryptosystem}},
    journal = {Notices of the AMS},
    year = {1999},
    volume = {46},
    pages = {203--213}
}


@article{KM04,
 author = {Koblitz,, Neal and Menezes,, Alfred J.},
 title = {{A Survey of Public-Key Cryptosystems}},
 journal = {SIAM Rev.},
 volume = {46},
 number = {4},
 year = {2004},
 issn = {0036-1445},
 pages = {599--634}
 }

@inproceedings{P84,
  author    = {Carl Pomerance},
  title     = {{The Quadratic Sieve Factoring Algorithm}},
  booktitle = {EUROCRYPT},
  year      = {1984},
  pages     = {169-182}
}

@inproceedings{LLMP90,
  author    = {Arjen K. Lenstra and
               Hendrik W. Lenstra Jr. and
               Mark S. Manasse and
               John M. Pollard},
  title     = {{The Number Field Sieve}},
  booktitle = {STOC},
  year      = {1990},
  pages     = {564-572}
}

@article{L87,
  author    = {Hendrik W. Lenstra Jr.},
  title     = {{Factoring integers with elliptic curves}},
  journal   = {Annals of Mathematics},
  volume    = {126},
  year      = {1987},
  pages     = {649-673}
}


@article{D81,
  author    = {John D. Dixon},
  title     = {{Asymptotically Fast Factorization of Integers}},
  journal   = {Mathematics of Computation},
  volume    = {36},
  number    = {153},
  year      = {1981},
  pages     = {255-260}
}


@inproceedings{AM09,
    author     = {Divesh Aggarwal and Ueli Maurer},
    title      = {{Breaking RSA Generically is Equivalent to Factoring}},
    booktitle  = {Advances in Cryptology - EUROCRYPT 2009},
    pages      = {36-53},
    series     = {Lecture Notes in Computer Science},
    volume     = 5479,
    year       = 2009,
    publisher  = {Springer-Verlag}
}

@article{RSA78,
  author    = {Ronald L. Rivest and
               Adi Shamir and
               Leonard M. Adleman},
  title     = {{A Method for Obtaining Digital Signatures and Public-Key
               Cryptosystems}},
  journal   = {Commun. ACM},
  volume    = {21},
  number    = {2},
  year      = {1978},
  pages     = {120-126}
}



