@inproceedings{ShenoyKB:2014:PMA:2576768.2598274,
 author = { Ajitha Shenoy K B and  Somenath Biswas and Piyush P Kurur},
 title = {Performance of Metropolis Algorithm for the Minimum Weight Code Word Problem},
 booktitle = {Proceedings of the 2014 Conference on Genetic and Evolutionary Computation},
 series = {GECCO 2014},
 year = {2014},
 isbn = {978-1-4503-2662-9},
 location = {Vancouver, BC, Canada},
 pages = {485--492},
 numpages = {8},
 url = {http://doi.acm.org/10.1145/2576768.2598274},
 doi = {10.1145/2576768.2598274},
 acmid = {2598274},
 publisher = {ACM},
 address = {New York, NY, USA},
 keywords = {conductance, metropolis algorithm, minimum weight code word, rapid mixing of markov chain, search space},
}