@article{Elvin,
author ="Elwyn R. Berlekamp and Robert J. McEliece and Henk C. A. van Tilborg",
title = "On the Inherent Intractability of Certain Coding Problems",
journal = {IEEE Transactions on Information Theory},
volume = {24},
number={3},
pages = {384-386},
month = {May},
year = {1978}
}

@article{Anne,
author = "Anne Canteaut and Florent Chabaud",
title = "A New Algorithm for Finding Minimum-Weight Words in a Linear Code: Application to McEliece's Cryptosystem and to Narrow-Sense BCH Codes of Length 511",
journal = {IEEE Transactions on Information Theory},
volume = {44},
number={1},
pages = {367-378},
month={January},
year = {1998}
}

@article{Jeffery,
author = "Jeffrey S. Leon",
title = "A probabilistic algorithm for computing minimum weights of large error-correcting codes",
journal = {IEEE Transactions on Information Theory},
volume = {34},
number={5},
pages = {1354-1359},
month={September},
year = {1988}
}
@article{kasami,
author = "T. Kasami and T. Fujiwar and S. Lin",
title = "An Approximation to the Weight Distribution of Binary Linear Codes",
journal = {IEEE Transactions on Information Theory},
volume = {IT 31},
number ={6},
pages = {769-780},
month={November},
year = {1985}
}
@inproceedings{cheung,
author = "K. M. Cheung",
title = "The Weight Distribution and Randomness of Linear Codes",
booktitle= "TDA Progress Report 42â€“97", 
pages = {208-215},
organization={Communications Systems Research Section},
month="March",
year = {1989}
}
@article{peterson,
author = "W. W. Peterson",
title = "On the weight structure and symmetry of BCH codes",
journal = {J. Inst. Elec. Commun. Eng (Japan)},
volume = {50},
pages = {1183-1190},
year = {1967}
}

@inproceedings{Stern,
author = "Jacques Stern",
title = "A Method for Finding Codewords of Small Weight",
booktitle = "Proceedings of  3rd International Colloquium on Coding Theory and Applications: Springer Lecture notes in Computer Science", 
pages = {106-113},
organization = {Toulon, France},
month="November",
year = {1989},
}
@book{david,
author = "David A. Levin and Yuval Peres and Elizabeth L. Wilmer",
title="Markov Chains and Mixing Times",
publisher={American Mathematical Society},
address={ Providence, RI},
year="2008"
}
@book{hamming,
author = "F. J. Mac Williams and N. J. A. Sloane",
title="The Theory of Error Correcting Codes",
publisher={Elsevier},
address={ Amsterdam, The Netherlands : North Holland},
year="1998"
}
@book{alistair,
author = "Alistair Sinclair",
title="Algorithms for Ranodom Generation and Counting - A Markov Chain Approach",
publisher={Birkhauser Boston},
address={ Cambridge, MA 02139, U.S.A.},
year="1993"
}
@inproceedings{Swagato,
author = "Swagato Sanyal and S. Raja and Somenath Biswas",
title = "Necessary and sufficient conditions for success of the metropolis algorithm for optimization",
booktitle = "Proceedings of the tenth ACM GECCO'10 Conference on Genetic and Evolutionary Computation",
pages = {1417-1424},
organization={Portland, OR, USA},
month="July",
year = {2010},
}

@article{Sinclair,
author = "Mark Jerum and Alistair Sinclair",
title = "Approximating the permanent",
journal = {SIAM Journal of Computing,},
volume = {18},
number={6},
pages = {1149-1178},
month={December},
year = {1989}
}

@inproceedings{Jerum,
author = "Jerum and Alistair Sinclair",
title = "Conductance and Rapid Mixing of Property For Markov Chain : The Approximation of the Permanent Resolved",
booktitle = "Proceedings of the twentieth annual ACM STOC'88 symposium on Theory of computing", 
pages = {235-244},
organization={Chicago, Illinois, USA},
month="May",
year = {1988}
}

@article{ref1,
author = "Mohamed Askali and Ahmed Azouaoui and Said Nouh and Mostafa Belkasmi",
title = "On the Computing of the Minimum Distance of Linear Block Codes by Heuristic Methods",
journal = {International Journal of Communications, Network and System Sciences},
volume = {5},
number={11},
pages = {774-784},
month={November},
year = {2012}
}

@inproceedings{ref2,
author = "Sheridan K. Houghten and Joanna L. Wallis",
title = "A Comparative Study of Search Techniques Applied to the Minimum Distance Problem of BCH Codes",
booktitle = "In proceedings of sixth IASTED International Conference on Artificial Intelligence and Soft Computing",
pages = {164-169},
organization={Brock University},
month="May",
year = {2002}
}
@article{ref3,
author = "J. A. Bland and A. T. Baylis",
title = "A Tabu Search Approach to the Minimum Distance of Error Correcting Codes",
journal = {International Journal of Electronics},
volume = {79},
number ={6},
pages={829-837},
year={1995}
}
@inproceedings{ref4,
author = "Mohamed Askali and Said Nouh and Mostafa Belkasmi",
title="An Efficient Method to Find the Minimum Distance of Linear Block Codes",
booktitle="IEEE International Conference on Multimedia Computing and Signal Processing",
pages = {185 - 188},
Organization={Tangles},
month="May",
year={2012}
}
@article{sim,
author="M. Zhang and F. Ma",
title="Simulated Annealing Approach to the Minimum distance of Error Correcting Codes",
journal={Internation Journal of Electronics},
volume={76},
number={3},
pages={377-384},
year = {1994}
}
@article{ant,
author = "J. A. Bland",
title="Local Search Optimisation Applied to the Minimum Distance Problem",
journal={Advanced Engineering Informatics},
volume={21},
number={4},
pages={391-397},
month="October",
year={2007}
}
@book{citation-for-metropolis,
author = "Michael Mitzenmacher and Eli Upfal",
title="Probability and Computing: Randomized Algorithms and Probabilistic Analysis",
publisher={Cambridge University Press},
address={ New York, USA},
year="2005"
}

@article{cannonical-path-reference,
author="A. Sinclair",
title="Improved bounds for mixing rates of markov chains and multicommodity flow
",
journal={Combinatorics, Probability and Computing},
volume={1},
number={4},
pages={351-370},
year = {1992}
}



@inproceedings{VanEmdeBoas,
author = "P. Van Emde Boas ", 
title = "Another NP-complete problem and the complexity of computing short vector in a lattice",
booktitle = "Tech. rep 8104",
address = "University of Amsterdam, Department of Mathematics, Netherlands", 
year= "1981"
}

@inproceedings{AjtaiHI,
author = "M. Ajtai ",
title = "Generating hard instances of lattice problems (extended abstract)",
booktitle="Proceedings of the twenty-eighth annual ACM symposium on Theory of computing, STOC'96, ACM",
address="New York, NY, USA",
year="1996"
}


@article{Micciancio,
author = "D. Micciancio ",
title = "The shortest vector in a lattice is hard to approximate to within some constant",
journal = "SIAM Journal of Computing",
volume = "30(6)",
year = "2001",
pages = "2008-2035"
}

@inproceedings{Ajtai,
author = "M. Ajtai ",
title = "The shortest vector problem in $l_2$ is NP-hard for randomized reductions",
booktitle = "STOC 98: Proceedings of the 30th Annual ACM Symposium on Theory of Computing",
address = "New York, NY, USA",
year="1998",
pages="10-19"
}

@article{LLL,
author = "A.K. Lenstra  and  H. W. L. Jr. and L. Lovasz",
title = "Factoring polynomials with rational coefficients",
journal = "Mathematische Annalen",
volume = "261(4)", 
year= "1982",
pages="515-534"
}

@article{Schonorr,
author = "C.P. Schnorr ",
title= "A more efficient algorithm for lattice basis reduction",
journal = "Journal of Algorithms",
volume="9(1)",
year="1988",
pages="47-62"
}

@inproceedings{AjtaiM,
author="M. Ajtai",
title = "The worst-case behavior of schnorr's algorithm approximating the shortest nonzero vector in a lattice",
booktitle="STOC-03: Proceedings of the 35th Annual ACM Symposium on Theory of Computing",
address="ACM Press",
year="2003",
pages="396-406"
}

@misc{Sage,
author = "Sage reference v4.7",
title= "Cryptography",
howpublished =  {\url{www.sagemath.org/doc/reference/sage/crypto/lattice.html}}
}

@inproceedings{JRMM,
author = "Johannes Buchmann and Richard Lindner and Markus Ruckert and Michael schneider",
title="Explicit hard instances of the shortest vector problem",
booktitle = "PQ Crypto, $2^{nd}$ Internation Workshop on Post Quantum Cryptography",
address = "LNCS 5299",
year= "2008",
pages="79-94"
}

@misc{TUD,
author="TU Darmstadt",
title = "Lattice Challenge",
howpublished={\url{www.latticechallenge.org}}
}
@inproceedings{Carson,
author="Ted Carson",
title = "Emperical and Analytic Approaches to Understanding Local Search Heuristics",
booktitle="PhD Thesis",
address="University of California, San Diego",
year="2001"
}

@book{Mitzenmatcher,
author = " Michael Mitzenmacher and Eli Upfal",
title = "Probability and Computing: Randomized Algorithms and Probabilistic Analysis",
publisher = "Cambridge University Press",
address = "Cambirdge, United Kingdom",
year = "2005"
}

@INPROCEEDINGS{Dumer,
author={Dumer, I. and Micciancio, D. and Sudan, M.},
booktitle={Foundations of Computer Science (FOCS), 40th Annual Symposium on},
title={Hardness of approximating the minimum distance of a linear code},
year={1999},
month={October},
pages={475-484},
}

@book{linear-algebra,
author = "Leslie Hogben",
title = "Handbook of Linear Algebra",
publisher = "Champman and Hall/CRC",
address = "Taylor and Francis Group, USA",
year = "2007"
}
@inproceedings{crypto-appl1,
author = "J. L. Massey",
title = "Some Applications of Coding Theory in Cryptography",
booktitle="Proceedings of the fourth IMA conference on Cryptography and Coding",
address="Cirencester, England",
year="1993"
}
@inproceedings{crypto-appl2,
author = "Zihui Liu and Xin-Wen Wu",
title = "On a Class of Three-Weight Codes with Cryptographic Applications",
booktitle="Proceedings of 2012 IEEE International Symposium on Information Theory",
address="MIT, Cambridge, MA, USA",
year="2012"
}
@book{error-correction,
author = "Rajan Bose",
title = "Information Theory Coding and Cryptography",
publisher = "McGraw-Hill",
address = "New Delhi, India",
year = "2008"
}
@article{secret-sharing,
author = "Z. H. Li and T. Xue and H. Lai ",
title= "Secret sharing schemes from binary linear codes",
journal = "Information Science",
volume="180(22)",
year="1996",
pages="2265-2272"
}

@article{pseudo-random,
author = "Drissi Ahmed and Ahmed Asimi ",
title= "A pseudo random generator efficient based on the decoding of the rational binary Goppa Code",
journal = "International Journal of Engineering Science and Technology (IJEST)",
volume="5(2)",
year="2013",
pages="359-364"
}
@inproceedings{pseudo-random2,
 author = {Fischer, Jean-Bernard and Stern, Jacques},
 title = {An Efficient Pseudo-random Generator Provably As Secure As Syndrome Decoding},
 booktitle = {Proceedings of the 15th Annual International Conference on Theory and Application of Cryptographic Techniques},
 series = {EUROCRYPT'96},
 year = {1996},

 location = {Saragossa, Spain},
 pages = {245--255},
 numpages = {11},



 address = {Berlin, Heidelberg},
} 
@article{bch,
  title={Bose Chaudhuri Hocquenghem (BCH) Codes},
  author={Pless, Vera},
  journal={Introduction to the Theory of Error-Correcting Codes, Third Edition},
  pages={109--222},
  year={1998},
  publisher={Wiley Online Library}
}
@INPROCEEDINGS{ajith,
author={Ajitha Shenoy, K. B and Somenath Biswas and Piyush P Kurur},
booktitle={Hybrid Intelligent Systems (HIS), 2011 11th International Conference on},
title={Metropolis algorithm for solving shortest lattice vector problem (SVP)},
year={2011},
month={Dec},
pages={442-447},
}
@article{ajith-j,
  title={Search graph formulation and Hasting's generalization of Metropolis algorithm for solving SVP},
author={Ajitha Shenoy, K B and Somenath Biswas and Piyush P Kurur},
  journal={International Journal of Computer Information Systems and Industrial Management Applications},

  year={2013},
volume="5",
  pages={317--325}

}

@book{bch-design-distance,
author = "W. Cary Huffman and Vera Pless",
title = "Fundamentals of Error Correcting Codes",
publisher = "Cambridge University Press",
address = "Cambridge, United Kingdom",
year = "2003"
}

