@inproceedings{AK2002,
  author="V. Arvind and Piyush P Kurur",
  title="Graph {Isomorphism} is in {SPP}",
  booktitle="43rd Annual Symposium on Foundations of Computer Science",
  year="2002",
  pages="743--750",
  organization="IEEE",
  month="November"
}