@inproceedings{arvind2005bounded,
  author="V. Arvind and Piyush P Kurur and T. C. Vijayaraghavan",
  title="Bounded color multiplicity {G}raph {I}somorphism is in the {$\#L$} hierarchy",
   booktitle="20th Conference on Computational Complexity (CCC)",
   pages="13--27",
   year="2005",
   organization="IEEE",
   month="June",
}
