@inproceedings{DKSS2008,
 author = "Anindya De and Piyush P Kurur and Chandan Saha and\
        Ramprasad Saptharishi",
 title = {Fast integer multiplication using modular arithmetic},
 booktitle = {40th annual ACM symposium on Theory of computing},
 series = {STOC '08},
 year = {2008},
 isbn = {978-1-60558-047-0},
 location = {Victoria, British Columbia, Canada},
 pages = {499--506},
 numpages = {8},
 url = {http://doi.acm.org/10.1145/1374376.1374447},
 doi = {http://doi.acm.org/10.1145/1374376.1374447},
 acmid = {1374447},
 publisher = {ACM},
 address = {New York, NY, USA},
 keywords = {computational algebra, integer multiplication, modular arithmetic},
}