@inproceedings{DK2009,
 author = {Sagarmoy Dutta and Piyush P Kurur},
 title = {Representing Groups on Graphs},
 booktitle = {34th International Symposium on Mathematical Foundations
                  of Computer Science (MFCS)},
 year = {2009},
 location = {Novy Smokovec, High Tatras, Slovakia},
 pages = {295--306},
 publisher = {Springer-Verlag},
 series="Lecture Notes in Computer Science",
 volume="5734",
 address = {Berlin, Heidelberg},
}