@inproceedings{
  author    = {Satvik Chauhan and Piyush P Kurur and Brent A. Yorgey}
  title     = {How to twist pointers without breaking them}
  booktitle = {The Haskell Symposium},
  year      = {2016},
  pages     = {toappear},
}