@inproceedings{vwani98qcqc,
	author="Vwani P. Roychowdhury and Farrokh Vatan",
	title="On the Existence of Nonadditive Quantum Codes",
	booktitle="Quantum Error Correction and Fault-Tolerant Quantum Computing",
	year=1998,
	pages="325--336",
}

@article{rains97,
author="Eric M. Rains",
title="Quantum codes of minimum distance two",
year= 1997,
journal ="preprint available at url: xxx.arxiv.org/quant-ph/9704043"
}

@article{rains97nonadditive,
author="Eric M. Rains and R. H. Hardin and Peter W. Shore and N.J,A Sloane",
title="A nonadditive quantum code",
journal="Physical Review Letters",
year=1997,
volume=79,
pages="169--183"
}

@article{AP02,
author="V. Arvind and K. R. Parthasarathy",
title= "A Family of Quantum Stabilizer Codes Based on the {Weyl}
    Commutation Relations over a Finite Field",
year= 2002,
journal ="preprint available at url: xxx.arxiv.org/quant-ph/0206174"
}

@article{cald-shor, 
author = "Calderbank and Rains and Shor and Sloane", 
title = "Quantum Error Correction Via Codes Over {GF}(4)",
journal = "IEEE Transactions on Information Theory", 
volume = "44", 
year = "1998", 
url = "citeseer.nj.nec.com/article/calderbank98quantum.html" 
}

@book{ vLin,
author = "J. H. van Lint",
title = "{Introduction to Coding Theory}",
year = 1998,
publisher = "Springer-Verlag",
address= "New York Inc",
volume = 86,
edition="$3^{rd}$",
series = "Graduate Texts in Mathematics",
}

@article{AK,
author = "Alexei Ashikhmin and Emanuel Knill",
title =   "Nonbinary quantum stabilizer codes",
journal = "IEEE Transactions on Information Theory",
volume = "47",
number = 7,
year = "2001",
pages="3065-3072",
}

@article{kl2,
author="D. G. Cory and  W. Mass and  M. Price and  E. Knill and  R. Laflamme and  W. H. Zurek and  T. F. Havel and  S. S. Somaroo",
title ="Experimental quantum error correction",
journal = "Physical Review Letters",
volume = 81,
year= 1998,
pages="2152-2155"
}

@Article{gottes,
author={D. Gottesman},
title={A class of quantum error-correcting codes saturating the quantum Hamming bound},
journal={Physical Review A},
year={1996},
volume={54},
pages ={1862-1868},
note={Also in quant-ph/9604038},
}

@Article{KL,
author = 	 {Emanuel Knill and Raymound Laflamme},
title = 	 {A class of quantum error-correcting codes saturating the quantum Hamming bound},
journal = 	 {Phys. Review Letter},
year = 	 {2000},
volume = 	 {84},
pages = 	 {2525-2528},
}

@article{Laf,
author = "Raymond Laflamme and Cesar Miquel and Juan Pablo Paz and Wojciech Hubert Zurek",
title= "Perfect quantum error correction code",
journal="Physical Review Letters",
volume= 77,
year= 1996
}

@book{sloan,
author ="F. J. Macwilliams and N. J. A. Sloane",
title="{Theory of Error-Correcting Codes}",
publisher="{North Holland}",
address="Amsterdam",
year="1978"
}
    
@book{MR,
author ="R. Motwani and P. Raghavan",
title="{Randomized Algorithms}",
publisher="{Cambridge University Press}",
year= 1995
}

@book{NC99,
author ="M. A. Nielsen and I. L. Chuang",
title="{Quantum Computation and quantum Information}", 
publisher="{Cambridge University Press}",
year=1999
}

    

@misc{krp1,
author= "K. R. Parthasarathy",
title="{ Lectures on Quantum Computation and Quantum Error-Correcting Codes}",
note="at Institute of Mathematical Sciences, Chennai"
}
    
@article{rains,
author="E. M. Rains",
title="{Nonbinary quantum codes}",
journal="IEEE Transactions on Information Theory",
volume=45,
number= 6,
pages= "1827-1832",
year=  1999
} 
