@misc{K2015,
  author    = "Piyush P Kurur",
  title     = "Quantum Error Correcting Codes: An introduction"
  year      = {2015},
}