@inproceedings{CKY2016,
  author    = {Satvik Chauhan and
               Piyush P. Kurur and
               Brent A. Yorgey},
  title     = {How to twist pointers without breaking them},
  booktitle = {Proceedings of the 9th International Symposium on Haskell, Haskell
               2016, Nara, Japan, September 22-23, 2016},
  pages     = {51--61},
  year      = {2016},
}
