@MISC{Jones_playingby,
    author = {Simon Peyton Jones and Andrew Tolmach and Tony Hoare},
    title = {Playing by the rules: rewriting as a practical optimisation technique in GHC },
    year = {}
}

@article{applicative-programming-with-effects,
 author = {McBride, Conor and Paterson, Ross},
 title = {Applicative Programming with Effects},
 journal = {J. Funct. Program.},
 issue_date = {January 2008},
 volume = {18},
 number = {1},
 month = jan,
 year = {2008},
 issn = {0956-7968},
 pages = {1--13},
 numpages = {13},
 url = {http://dx.doi.org/10.1017/S0956796807006326},
 doi = {10.1017/S0956796807006326},
 acmid = {1348941},
 publisher = {Cambridge University Press},
 address = {New York, NY, USA},
}

@inproceedings{genuinely-functional-user-intefaces,
  author = "Antony Courtney and Conal Elliott",
  title = "Genuinely Functional User Interfaces",
  booktitle = "2001 Haskell Workshop",
  year = 2001,
  month = "September",
}

@Inbook{constructing-applicatives,
   author="Ross Paterson",
   title="Constructing Applicative Functors",
   book="Mathematics of Program Construction: 11th International Conference, MPC 2012, Madrid, Spain, June 25-27, 2012. Proceedings",
  year="2012",
  publisher="Springer Berlin Heidelberg",
  address="Berlin, Heidelberg",
  pages="300--323",
  url="http://dx.doi.org/10.1007/978-3-642-31113-0_15"
}


@inproceedings{deterministic-error-correcting-parsers,
  author    = {Swierstra, S. D. and Duponcheel, L.},
  title     = {Deterministic, Error-Correcting Combinator Parsers},
  booktitle = {Advanced Functional Programming},
  editor    = {John Launchbury and Erik Meijer and Tim Sheard},
  publisher = {Springer-Verlag},
  series    = {LNCS-Tutorial},
  volume    = {1129},
  pages     = {184-207},
  year      = {1996},
  urlpdf    = {http://www.cs.uu.nl/people/doaitse/Papers/1996/DetErrCorrComPars.pdf},
}

@ARTICLE{generalising-monads-arrows,
    author = {John Hughes},
    title = {Generalising Monads to Arrows},
    journal = {Science of Computer Programming},
    year = {1998},
    volume = {37},
    pages = {67--111}
}

@article{hindley69principal,
     title = {The Principal Type-Scheme of an Object in Combinatory Logic},
     author = {Hindley, R.},
     journal = {Transactions of the American Mathematical Society},
     volume = {146},
     number = {},
     pages = {29--60},
     url = {http://www.jstor.org/stable/1995158},
     year = {1969},
     publisher = {American Mathematical Society},
 }

@ARTICLE{Milner78atheory,
    author = {Robin Milner},
    title = {A theory of type polymorphism in programming},
    journal = {Journal of Computer and System Sciences},
    year = {1978},
    volume = {17},
    pages = {348--375}
}

@inproceedings{Damas82principal,
 author = {Damas, Luis and Milner, Robin},
 title = {Principal Type-schemes for Functional Programs},
 booktitle = {Proceedings of the 9th ACM SIGPLAN-SIGACT Symposium on Principles of Programming Languages},
 series = {POPL '82},
 year = {1982},
 isbn = {0-89791-065-6},
 location = {Albuquerque, New Mexico},
 pages = {207--212},
 numpages = {6},
 url = {http://doi.acm.org/10.1145/582153.582176},
 doi = {10.1145/582153.582176},
 acmid = {582176},
 publisher = {ACM},
 address = {New York, NY, USA},
}

@inproceedings{history-haskell,
 author = {Hudak, Paul and Hughes, John and Peyton Jones, Simon and Wadler, Philip},
 title = {A History of Haskell: Being Lazy with Class},
 booktitle = {Proceedings of the Third ACM SIGPLAN Conference on History of Programming Languages},
 series = {HOPL III},
 year = {2007},
 isbn = {978-1-59593-766-7},
 location = {San Diego, California},
 pages = {12-1--12-55},
 url = {http://doi.acm.org/10.1145/1238844.1238856},
 doi = {10.1145/1238844.1238856},
 acmid = {1238856},
 publisher = {ACM},
 address = {New York, NY, USA},
}

@incollection{syntactic-semigroup,
 author    = {Pin, Jean-Eric},
 title     = {Syntactic Semigroups},
 booktitle = {Handbook of Formal Languages, Vol. 1},
 editor    = {Grzegorz Rozenberg and Arto Salomaa},
 year     = {1997},
 isbn     = {3-540-60420-0},
 pages    = {679--746},
 numpages = {68},
 url      = {http://dl.acm.org/citation.cfm?id=267846.267856},
 acmid    = {267856},
 publisher = {Springer-Verlag New York, Inc.},
 address   = {New York, NY, USA},
}

@article{finger-trees,
 author = {Hinze, Ralf and Paterson, Ross},
 title = {Finger Trees: A Simple General-purpose Data Structure},
 journal = {J. Funct. Program.},
 issue_date = {March 2006},
 volume = {16},
 number = {2},
 month = mar,
 year = {2006},
 issn = {0956-7968},
 pages = {197--217},
 numpages = {21},
 url = {http://dx.doi.org/10.1017/S0956796805005769},
 doi = {10.1017/S0956796805005769},
 acmid = {1114674},
 publisher = {Cambridge University Press},
 address = {New York, NY, USA},
}

@book{yesod-book,
  author={Snoyman, Michael},
  title = {Developing Web Applications with Haskell and Yesod},
  publisher = {O'Reilly Media},
  year  =2012,
}

@misc{haskell-blaze,
  author="Jasper {Van der Jeugt} and Simon Meier and Leon P Smith",
  title="The blaze builder library for {Haskell}",
  howpublished="{\url{https://hackage.haskell.org/package/blaze-builder}}"
}
@misc{haskell-attoparsec,
  author="Bryan O'Sullivan",
  title="The attoparsec library for {Haskell}",
  howpublished="{\url{https://hackage.haskell.org/package/attoparsec}}"
}

@misc{haskell-raaz,
  author="Satvik Chauhan and Piyush P Kurur",
  title="The raaz cryptographic library for {Haskell}",
  howpublished="{\url{https://hackage.haskell.org/package/raaz}}"
}
@misc{haskell-binary,
  author="Lennart Kolmodin",
  title="{The binary library for Haskell}",
  howpublished="{\url{https://hackage.haskell.org/package/binary}}"
}
@misc{monoid-extras,
  author="Brent Yorgey",
  title="{The monoid-extras library for Haskell}",
  howpublished="{\url{https://hackage.haskell.org/package/monoid-extras}}"
}

@inproceedings{monoid-theme-variations,
 author = {Yorgey, Brent A.},
 title = {Monoids: Theme and Variations (Functional Pearl)},
 booktitle = {Proceedings of the 2012 Haskell Symposium},
 series = {Haskell '12},
 year = {2012},
 isbn = {978-1-4503-1574-6},
 location = {Copenhagen, Denmark},
 pages = {105--116},
 numpages = {12},
 url = {http://doi.acm.org/10.1145/2364506.2364520},
 doi = {10.1145/2364506.2364520},
 acmid = {2364520},
 publisher = {ACM},
 address = {New York, NY, USA},
 keywords = {edsl, homomorphism, monoid, monoid action},
}

@book{awodey-category-theory,
   author = {Awodey, Steve},
    publisher = {The Oxford University Press},
  series = {Oxford Logic Guides},
  title = {Category theory},
  volume = 49,
  year = 2006
}

@inproceedings{wadler1989theorems,
  title={Theorems for free!},
  author={Wadler, Philip},
  booktitle={Proceedings of the fourth international conference on Functional programming languages and computer architecture},
  pages={347--359},
  year={1989},
  organization={ACM}
}

@misc{kmettfmaplaws,
  title={The free theorem for fmap},
  author={Edward Kmett},
  year={2015},
  month={February},
  howpublished={\url{https://www.schoolofhaskell.com/user/edwardk/snippets/fmap}}
}

@inproceedings{yates2015diagrams,
  title={Diagrams: a functional {EDSL} for vector graphics},
  author={Yates, Ryan and Yorgey, Brent A},
  booktitle={Proceedings of the 3rd ACM SIGPLAN International Workshop on Functional Art, Music, Modelling and Design},
  pages={4--5},
  year={2015},
  organization={ACM}
}
