@article{AKP2004,
  author="V. Arvind and Piyush P Kurur and K. R. Parthasarathy",
  title="Non-stabilizer quantum codes from abelian subgroups of the error group",
  journal="Quantum Information, Statistics and Probability",
  year="2004",
  editor="Osamu Hirota",
  publisher="Rinton Press",
  pages="1--29",
  preprint="quant-ph/0210097",
  note="Dedicates to {Alexander S. Holevo} on the occasion of his 60th birthday",
}