@article{AK2006,
  author = "V. Arvind and Piyush P Kurur",
  title = "Graph Isomorphism is in {SPP}",
  journal = "Information and Computation",
  volume = "204",
  number = "5",
  pages = "835-852",
  year = "2006",
  month = "May"
}
