@article{AK2012,
  author    = {V. Arvind and Piyush P. Kurur},
  title     = {Testing nilpotence of galois groups in polynomial time},
  journal   = {ACM Transactions on Algorithms},
  volume    = {8},
  number    = {3},
  year      = {2012},
  pages     = {32:1--32:22},
}