@article{doi:10.1137/100811167,
author = {De, A. and Kurur, P. and Saha, C. and Saptharishi, R.},
title = {Fast Integer Multiplication Using Modular Arithmetic},
journal = {SIAM Journal on Computing},
volume = {42},
number = {2},
pages = {685-699},
year = {2013},
doi = {10.1137/100811167},

URL = {http://epubs.siam.org/doi/abs/10.1137/100811167},
eprint = {http://epubs.siam.org/doi/pdf/10.1137/100811167}
}
