@article{GK2014,
  author    = Sumanta Ghosh and Piyush P Kurur,
  title     = {Permutation Groups and the Graph Isomorphism problem},
  journal   = {Perspectives in Computation Complexity},
  editors   = Manindra Agrawal and Vikraman Arvind,
  series    = Progress in Computer Science and Applied logic,
  publisher = Birkh{\"a}user,
  volume    = {26},
  year      = {2014},
  pages     = {183--202},
}