
@Article{ESY84,
  title =        "The Complexity of Promise Problems with Applications
                 to Public-Key Cryptography",
  author =       "S. Even and A. L. Selman and Y. Yacobi",
  pages =        "159--173",
  journal =      "Information and Control",
  month =        may,
  year =         "1984",
  volume =       "61",
  number =       "2",
}
@Article{Fe03,
  title = "{PP}-Lowness and a Simple Definition of {AWPP}",
  author = "S. A. Fenner ",
  pages = "199-212",
  journal = "Theory of Computing Systems",
  year  = "2003",
  volume = "36",
  number = "2",
}
@inproceedings{ fenner93oracle,
	author = "S.A. Fenner and L.J. Fortnow and S. A. Kurtz and L. Li",
	title = "An Oracle Builder's Toolkit",
	booktitle = "{SCT}: Annual Conference on Structure in Complexity Theory",
	pages="120--131",
	year = "1993"
}
@Article{ kobler92turing,
	author = "J. K{\"o}bler and U. Sch{\"o}ning and S. Toda and J. Tor{\'a}n",
	title = "Turing Machines with Few Accepting Computations and Low Sets for {PP}",
	journal = "Journal of Computer and System Sciences",
	volume = "44",
	number = "2",
	pages = "272-286",
	year = "1992"
}
@Article{S94,
  title =        "A Taxonomy of Complexity Classes of Functions",
  author =       "A. L. Selman",
  pages =        "357--381",
  journal =      "Journal of Computer and System Sciences",
  year =         "1994",
  volume =       "48",
  number =       "2",
}

@Misc{B95,
  title =        "{NP}-hard Sets are {P}-Superterse Unless {R} = {NP}",
  author =       "R. Beigel",
  year =         "1995",
  month =        jan # "~04",
}



@InProceedings{babai85matrix,
  author =       "L. Babai and E. Szemeredi",
  title =        "On the Complexity of Matrix Group Problems {I}",
  booktitle =     "Proceedings of the $24^{th}$ IEEE Foundations of \
                  Computer Science", 
  pages =        "229--240",
  year =         "1984",
  bibdate =      "Thu Apr 5 06:13:39 MDT 2001",
  acknowledgement = ack-nhfb,
}

@article{vinodchandran97improved,
    author = "N. V. Vinodchandran",
    title = "Counting Complexity of Solvable Black-Box Group Problems",
    journal = "SIAM Journal of Computing",
    volume = "33",
    number = "4",
    pages = "852-869",
    year = "2004",
}
@article{ arvind97solvable,
    author = "V. Arvind and N. V. Vinodchandran",
    title = "Solvable black-box group problems are low for {PP}",
    journal = "Theoretical Computer Science",
    volume = "180",
    number = "1--2",
    pages = "17--45",
    year = "1997",
    url = "citeseer.nj.nec.com/arvind97solvable.html" 
}
@article{JT95,
    author = "B. Jenner and J. Tor\'an",
    title = "Computing functions with parallel queries to {NP}",
    journal = "Theoretical Computer Science",
    volume = "141",
    number = "1--2",
    pages = "175-193",
    year = "1995"
}  
@book{LT92,
    author = "A. Lozano and J. Tor\'an",
    title = "On the Non-Uniform Complexity of the Graph Isomorphism Problem",
    booktitle = "Complexity Theory: Current Research",
    pages = "245-271",
    year = "1992",     
    publisher = "Cambridge University Press"
}

@article{Val79,
    author = "L. G. Valiant",
    title = "The Complexity of Computing the Permanent",
    journal = "Theoretical Computer Science",
    volume = "8",
    pages = "189-201",
    year = "1979"
}  

@article{babai92bounded,
author = "L. Babai",
title = "Bounded round interactive proofs in finite groups",
journal = "SIAM journal of Discrete Mathematics",
volume = "5",
number = "1",
pages = "88--111",
year = "1992",
month = "February"
}

@INPROCEEDINGS{ babai84trading,
author = "L. Babai",
title = "Trading Group Theory for Randomness",
booktitle = "17th Annual Symposium on Foundations of Computer Science",
year = "1985",
pages= "421--429",
organization = "ACM",
place = "Providence, Rhode Island"
}

@article{ babai88arthur,
author ="L. Babai and S. Moran",
title = "Arthur-{M}erlin games: a randomized proof system, and a\ 
        hierarchy of complexity classes",
journal = "Journal of Computer and System Sciences",
volume = "36",
pages = "254--276",
year = "1988"
}

@INPROCEEDINGS{SRLJ:1,                                                
	author = "S. Rajagopalan and L. J. Schulman",
	title = "Verifying Identities",
	booktitle = "37th Annual Symposium on Foundations of Computer Science",
	year = 1996,
	pages = "612-616",
	address ="Burlington, Vermont",     
	organization = "IEEE",
	month = "October"
}
@INPROCEEDINGS{GROSEARCH,
	author = "L. K. Grover",
	title = "A fast quantum mechanical algorithm for database search",
	booktitle = "Twenty-Eighth Annual ACM Symposium on the Theory 
        of Computing",
	year= 1996, 
	pages = "212-219",
	address="Philadelphia, Pennsylvania",
	month = "22-24 May"
}

@INPROCEEDINGS{FACTORING,
	author = "P. W. Shor",
	title = "Algorithms for quantum computation: Discrete logarithms and factoring",
	booktitle = "35th Annual Symposium on Foundations of Computer Science",
	year = 1994,
	pages ="124-134", 
	address="Santa Fe, New Mexico, 20-22",
	month = "November",
	organization="IEEE"                                                
}
@INPROCEEDINGS{BBCMW98, 
	author = "R. Beals and H. Buhrman and R. Cleve and M. Mosca and R. de Wolf",
	title = "Quantum Lower Bounds by Polynomials",
	booktitle = "{IEEE} Symposium on Foundations of Computer Science",
	pages = "352-361",
	year = "1998",
}                                  
@inproceedings{Pat92, 
	author = "R. Paturi",
	title = "On the degree of polynomials that approximate symmetric Boolean functions(preliminary version)",
	booktitle = "Proceedings of $24^{th}$ STOCS",
	pages = "468-474",
	year = 1992
}
@INPROCEEDINGS{AMB00,                                              
	AUTHOR = {A. Ambainis},
	TITLE = {Quantum lower bounds by quantum arguments},
	BOOKTITLE = {{ACM} Symposium on Theory of Computing},
	PAGES = {636-643},
	YEAR = {2000}
}             
@INPROCEEDINGS{FREIMAT,
	AUTHOR = "R. Freivalds",
	EDITOR = "B. Gilchrist",
	TITLE = "Probabilistic machines can use less running time",
	BOOKTITLE = "Information Processing 77,Proceedings of IFIP Congress 77",
	YEAR=1977,
	PAGES="839-842",
	ADDRESS = "North Holland, Amsterdam"
}
@INPROCEEDINGS{Braexact,
	author = "G. Brassard and P. Hoyer",
	title = "An Exact Quantum Polynomial-Time Algorithm for Simon's Problem",
	booktitle = "Israel Symposium on Theory of Computing Systems",
	pages = "12-23",
	year = "1997",
	url = "citeseer.nj.nec.com/brassard97exact.html"
}
@inproceedings{ simon,
	author = "D. R.~Simon",
	title = "On the Power of Quantum Computation",
	booktitle = "Proceedings of the 35th Annual Symposium on Foundations of Computer Science",
	publisher = "Institute of Electrical and Electronic Engineers Computer Society Press",
	address = "Los Alamitos, CA",
	pages = "116--123",
	year = "1994",
	url = "citeseer.nj.nec.com/simon94power.html" 
}
@inproceedings{ hallgren00normal,
	author ="S. Hallgren  and A. Russel and A. Ta-Shma",
	title="Normal subgroup reconstruction and quantum computing using group\
	representation",
	booktitle="Proceedings of the $32^{nd}$ ACM Symposium on Theory of Computing",
	year=2000,
	month= "21-23 May",
	pages="627-635",
	address="Portland, Oregon"
}
@inproceedings{ WatQMA,
	author = "J. Watrous",
	title ="Succinct quantum proofs for properties of finite groups",
	booktitle= "Proceedings of the $41^{st}$ Annual Symposium on 
		Foundations of Computer Science",
	year=2000,
	pages="537-546"
}
@inproceedings{ SymFourier,
	author="R. Beals",
	title="Quantum Computation of Fourier transform over symmetric groups",
	booktitle="Proceedings of $29^{th}$ Annual ACM Symposium on the Theory 
		of Computation",
	year=1997,
	pages="45-53",
	publisher="ACM press",
	address= "New York"
}
@inproceedings{ QuantAM,
	author = "J. Watrous",
	title = "{PSPACE} Has Constant-Round Quantum Interactive Proof Systems",
	booktitle = "{IEEE} Symposium on Foundations of Computer Science",
	pages = "112-119",
	year = "1999",
	url = "citeseer.nj.nec.com/watrous99pspace.html"
}                         
@inproceedings{Babai91,
	author="L. Babai",
	title="Local expansion of vertex transitive graphs and random generation
	in finite groups",
	booktitle="Proceedings of the $23^{rd}$ Annual ACM Symposium on Theory
	of Computation",
	year=1991,
	pages="164-174"
}
@article{Bennett73,
	author="C. H. Bennett",
	title="Logical Reversibility of Computation",
	journal="IBM Journal of Research and Development",
	year=1973,
	volume=17,
	pages="525-532",
	month="November"
}
@article{Bennett89,
	author="C. H. Bennett",
	title="Time/space tradeoff for reversible computation",
	journal="SIAM Journal of Computing",
	volume=18,
	year=1989,
	pages="766-776"
}
@book{ structcomp1,
	author = "J. L. Balc\'azar and J. D\'iaz and J. Gabarr\'o",
	title = "Structural Complexity I",
	year = 1988,
	publisher = "Springer-Verlag",
	address= "Berlin",
	volume = 11,
	series = "ETACS monographs on theoretical computer science",
}
@book{ structcomp2,
	author = "J. L. Balc\'azar and J. D\'iaz and J. Gabarr\'o",
	title = "Structural Complexity II",
	year = 1990,
	publisher = "Springer-Verlag",
	address= "Berlin",
	volume = 22,
	series = "ETACS monographs on theoretical computer science",
}
@book{ reptheory,
	author = "J. P. Serre",
	title = "Linear Representation of Finite Groups",
	year = 1977,
	publisher = "Springer-Verlag",
	address= "New York Inc",
	volume = 42,
	series = "Graduate Texts in Mathematics",
}
@book{ Gruska,
	author="J. Gruska",
	title="Quantum Computing",
	year=1999,
	publisher="McGraw-Hill",
	address="London"
}
@book{NielsenandChaung,
	author="M. A. Nielsen and I. L. Chaung",
	title="Quantum Computation and Quantum Information",
	year=2000,
	publisher="Cambridge University Press",
	address="Cambridge, United Kingdom"
}
@article{QuantComplex,
	author="E. Bernstein and U. Vazirani",
	title="Quantum Complexity theory",
	journal="SIAM Journal of Computing",
	volume=26,
	number=5,
	year=1997,
	pages="1411-1473",
	month="October"
}
@article{QuantComput,
author="Leonard M Adleman and Jonathan Demarrais and Ming-Deh A. Huang.",
	title="Quantum Computability",
	journal="SIAM Journal of Computing",
	volume=26,
	number=5,
	year=1997,
	pages="1524-1540",
	month="October"
}

@inproceedings{BaSz,
	author="L. Babai and M. Szemer\'{e}di",
	title="On the complexity of matrix group problems I",
	booktitle="Proceedings of the 25th IEEE Symposium on Foundations of Computer Science",
	year=1984,
	pages="229-240"
}
@article{StrengthQuant,
	author="Charles H. Bennett and Ethan Bernstein and Gilles Brassard and
	 Umesh Vazirani",
	title="Strengths and Weaknesses of Quantum Computing",
	journal="SIAM Journal of Computing",
	volume=26,
	number=5,
	year=1997,
	pages="1510-1523",
	month="October"
}

@inproceedings{ fortnow98complexity,
	author = "L. J. Fortnow and J. D. Rogers",
	title = "Complexity Limitations on Quantum Computation",
	booktitle = "{IEEE} Conference on Computational Complexity",
	pages = "202-209",
	year = "1998",
	url = "citeseer.nj.nec.com/article/fortnow97complexity.html"
}


@article{ boppana87does,                                                          
	author = "R. Boppana and J. Hastad and S. Zachos",                             title = "Does co-{NP} Have Short Interactive Proofs",
        journal = "Information Processing Letters",
        volume = "25",
        pages= "127-132",
        month= "May",
        year= "1987",
}                  

@inproceedings{ fenner91gapdefinable,                                           
	author = "S. A. Fenner and L. J. Fortnow and S. A. Kurtz",         
	title = "Gap-Definable Counting Classes",                                   
	booktitle = "Structure in Complexity Theory Conference",                    
	pages = "30-42",                                                            
	year = "1991",                                                              
	url = "citeseer.nj.nec.com/fenner92gapdefinable.html"
}

@inproceedings{ furst80polynomialtime,
    author = "M. L. Furst and J. E. Hopcroft and E. M. Luks",
    title = "Polynomial-Time Algorithms for Permutation Groups",
    booktitle = "{IEEE} Symposium on Foundations of Computer Science",
    pages = "36-41",
	year = "1980"
}
@book{hoffmann82group,
	AUTHOR = {C. M. Hoffmann},
	TITLE = {Group-Theoretic Algorithms and Graph Isomorphism},
	YEAR = 1982,
	PUBLISHER = {Springer},
	ADDRESS = {Berlin, Heidelberg},
	KEYWORDS = {}
}
@inproceedings{ ivanyos01efficient,
    author = "G. Ivanyos and F. Magniez and M. Santha",
    title = "Efficient quantum algorithms for some instances of the non-Abelian
		hidden subgroup problem",
    booktitle = " $13^{th}$ ACM Symposium on Parallel Algorithms and 
	Architectures",
    pages = "263-270",
	year = "2001"
}
@phdthesis{moscaphd,
	author="M Mosca",
	title="Quantum Computer algorithms	",
	school="Oxford University",
	year=1999
}
@book{gi-book,
    author = "J. K{\"o}bler and U. Sch{\"o}ning and J. Tor{\'a}n",   
	title="The Graph Isomorphism Problem: Its Structural Complexity",
	publisher="Birkhauser",
	year=1993
}

@article{ kobler92graph,
	author = "J. K{\"o}bler and U. Sch{\"o}ning and J. Tor{\'a}n",
	title = "Graph Isomorphism is Low for~{PP}",
	journal = "Computational Complexity",
	volume = "2",
	number = "4",
	pages = "301--330",
	year = "1992",
	url = "citeseer.nj.nec.com/obler92graph.html"
}

@article{luks93permutation,
	author="E. M. Luks",
	title="Permutation groups and polynomial time computations",
	journal = "DIMACS Series in Discrete Mathematics and Theoretical Computer 
	Science",
	volume = "11",
	pages = "139--175",
	year=1993
}
@article{mathon79anote,
	author="R. Mathon",
	title="A note on graph isomorphism counting problem",
	journal="Information Processing Letters",
	year=1979,
	volume=8,
	number=3,
	month="15 March",
	pages="131--132"
}

@article{ shor97polynomialtime,
	author = "P. W. Shor",
	title = "Polynomial-Time Algorithms for Prime Factorization and Discrete
	Logarithms on a Quantum Computer",
	journal = "SIAM Journal on Computing",
	volume = "26",
	number = "5",
	pages = "1484--1509",
	year = "1997",
	url = "citeseer.nj.nec.com/231568.html"
}
@inproceedings{schoning87graph,
	author="U. Sch{\"o}ning",
	title = "Graph Isomorphism is in the Low Hierarchy",
	booktitle = "Symposium on Theoretical Aspects of Computer Science",
	pages = "114-124",
	year = "1987"
}
@article{Sch83,
        author = "U. Sch{\"o}ning",
        title = "A low and a high hierarchy within {NP}",
        journal = "Journal of Computer and System Sciences",
        year = "1983",
        volume = "27",
        pages = "14-28",
}
@article{sims70computational,
	author="C. C. Sims",
	title="Computational methods in the study of permutation groups",
	journal="Computational problems in Abstract Algebra",
	year=1970,
	editor="J. Leech",
	publisher="Pergamon Press",
	pages="169--183"
}

@book{wielandt64finite,
	author=	"H. Wielandt",
	title="Finite Permutation Groups",
	year=1964,
	publisher="Academic Press",
	address="New York"
}
@inproceedings{babai83canonical,
	author="L. Babai and E. M. Luks",
	title="Canonical labeling of graphs",
   	booktitle="Proceedings of the Fifteenth Annual ACM Symposium on Theory
	of Computing",
	pages= "171--183",
	year=1983
}  
