@inproceedings{JKL2010,
  author    = {Daniel Johannsen and Piyush P Kurur and
               Johannes Lengler},
  title     = {Can quantum search accelerate evolutionary algorithms?},
  booktitle = {Genetic and Evolutionary Computation Conference (GECCO)},
  year      = {2010},
  pages     = {1433-1440},
}