@article{djwea02,
  author      = {Stefan Droste and Thomas Jansen and Ingo Wegener},
  title       = {On the analysis of the (1+1) evolutionary algorithm},
  journal   = {Theoretical Computer Science},
  publisher   = {},
  location    = {},
  editor      = {},
  series      = {},
  volume      = {276},
  number      = {},
  edition     = {},
  pages       = {51--81},
  year        = {2002}
}



@article{BeyerSW02,
  author    = {Hans-Georg Beyer and
               Hans-Paul Schwefel and
               Ingo Wegener},
  title     = {How to analyse evolutionary algorithms},
  journal   = {Theor. Comput. Sci.},
  volume    = {287},
  number    = {1},
  year      = {2002},
  pages     = {101-130},
}


@inproceedings{gl06,
 author = {Oliver Giel and Per Kristian Lehre},
 title = {On the effect of populations in evolutionary multi-objective optimization},
 booktitle = {GECCO '06: Proceedings of the 8th annual conference on Genetic and evolutionary computation},
 year = {2006},
 isbn = {1-59593-186-4},
 pages = {651--658},
 location = {Seattle, Washington, USA},
 doi = {http://doi.acm.org/10.1145/1143997.1144114},
 publisher = {ACM},
 address = {New York, NY, USA},
 }
 
 
@article{heyao2001,
  author = {He, Jun and Yao, Xin},
  title = {Drift analysis and average time complexity of evolutionary algorithms},
  journal = {Artificial Intelligence},
  year = {2001},
  volume = {127},
  pages = {57--85}
}

@article{HeY03,
  author    = {Jun He and
               Xin Yao},
  title     = {Towards an analytic framework for analysing the computation
               time of evolutionary algorithms},
  journal   = {Artif. Intell.},
  volume    = {145},
  number    = {1-2},
  year      = {2003},
  pages     = {59-97},
  ee        = {http://dx.doi.org/10.1016/S0004-3702(02)00381-8},
  bibsource = {DBLP, http://dblp.uni-trier.de}
}


@inproceedings{DoerrJohannsen07a,
  AUTHOR       = {Doerr, Benjamin and Johannsen, Daniel},
  EDITOR       = {Thierens, Dirk},
  TITLE        = {Adjacency List Matchings --- An Ideal Genotype for Cycle Covers},
  BOOKTITLE    = {Genetic and Evolutionary Computation Conference (GECCO-2007)},
  PADDRESS     = {New York, USA},
  ADDRESS      = {London, UK},
  PUBLISHER    = {ACM},
  ISBN         = {978-1-59593-697-4},
  YEAR         = {2007},
  PAGES        = {1203--1210}
}

@article{Gutjahr03,
  author    = "W. J. Gutjahr",
  title     = "A generalized convergence result for the graph-based ant system metaheuristic", 
  journal   = "Probab.\ Eng.\ Inform.\ Sc.", 
  volume    = "17", 
  pages     = "545--569", 
  year      = "2003"
}

@book{Feller1,
  author     = "W. Feller",
  title      = "An Introduction to Probability Theory and Its Applications",
  year       = "1968",
  volume     = "1",
  edition    = "3rd",
  publisher  = "Wiley"
}

@book{Feller2,
  author     = "W. Feller",
  title      = "An Introduction to Probability Theory and Its Applications",
  year       = "1971",
  volume     = "2",
  edition    = "2nd",
  publisher  = "Wiley"
}

@book{MotwaniRaghavan,
  author     = "R. Motwani and P. Raghavan",
  title      = "Randomized Algorithms",
  year       = "1995",
  publisher  = "Cambridge University Press"
}

@article{HoeffdingDistribution,
  author  = "W. Hoeffding",
  title   = "On the Distribution of the Number of Successes in Independent Trials", 
  journal = "Ann.\ Math.\ Stat.", 
  volume  = "27",  
  pages   = "713--721", 
  year    = "1956"
}


@article{Cha2007,
  author  = "N. Chaiyaratana and T. Piroonratana and N. Sangkawelert",
  title   = "Effects of diversity control in single-objective and multi-objective genetic algorithms", 
  journal = "Journal of Heuristics", 
  volume  = "13 (1)",  
  pages   = "1--34", 
  year    = "2007"
}


@article{Rudsel1996,
  author  = "G. Rudolph",
  title   = "How Mutation and Selection solve Long Path Problems in Polynomial Expected Time", 
  journal = "Evolutionary Computation", 
  volume  = "4(2)",  
  pages   = "195--205", 
  year    = "1996"
}

@inproceedings{PSYComplexityLocalSearch,
  author     = "C. H. Papadimitriou  and A. A. Sch{\"a}ffer and M. Yannakakis",
  title      = "On the complexity of local search",
  booktitle  = "Proceedings\ of STOC~'90",
  pages      = "438--445",
  publisher  = "ACM Press",
  year       = "1990"
}

@inproceedings{JerrumSorkinSimulated,
  author     = "M. R. Jerrum and G. B. Sorkin", 
  title      = "Simulating annealing for graph bisection", 
  booktitle  = "Proceedings\ of FOCS~'93", 
  pages      = "94--103", 
  publiher   = "IEEE Press",
  year       = "1993"
}

@article{JerrumSorkinMetropolis, 
  author     = "M. Jerrum and G. B. Sorkin",
  title      = "The {M}etropolis Algorithm for Graph Bisection", 
  journal    = "Discrete Appl.\ Math.", 
  volume     = "82", 
  number     = "1--3",
  pages      = "155--175",
  year       = "1998"
}

@article{LauThiZit2004, 
  author     = "M. Laumanns and L. Thiele and E. Zitzler",
  title      = "Running time analysis of multiobjective evolutionary algorithms on pseudo-boolean functions", 
  journal   = "IEEE Trans. Evolutionary Computation",
  volume    = "8(2)",
  pages     = "170--182",
  year       = "2004"
}

@inproceedings{WegenerSimulated,
  author     = "I. Wegener",
  title      = "Simulated annealing beats {M}etropolis in combinatorial optimization",
  booktitle  = "Proceedings\ of ICALP~'05",
  series     = "LNCS",
  volume     = "3580",
  pages      = "589--601",
  year       = "2005"
}

@techreport{DMCAntSystem,
  author      = "M. Dorigo and V. Maniezzo and A. Colorni", 
  year        = "1991",
  title       = "The Ant System: An Autocatalytic Optimizing Process",
  institution = "Politecnico di Milano", 
  number      = "91-016 Revised"
}

@article{BlumDorigoACOSurvey,
  author      = "M. Dorigo and C. Blum",
  title       = "Ant colony optimization theory: {A} survey",
  journal     = "Theor.\ Comput.\ Sci.",
  volume      = "344",
  pages       = "243--278",
  year        = "2005"
}

@book{DorigoStuetzleACOBook,
  author      = "M. Dorigo and T. St{\"u}tzle",
  title       = "Ant Colony Optimization",
  publisher   = "MIT Press",
  year        = "2004"
}

@article(DJWoneone,
  author    = "S. Droste and T. Jansen and I. Wegener",
  title     = "On the analysis of the (1+1) Evolutionary Algorithm",
  year      = "2002",
  journal   = "Theor.\ Comput.\ Sci.",
  volume    = "276",
  pages     = "51--81"
)

@inproceedings{doehebneu2006,
  author	= "B. Doerr and N. Hebbinghaus and F. Neumann",
  title		= "Speeding Up Evolutionary Algorithms Through Restricted
		  Mutation Operators",
  booktitle	= "Proceedings\ of PPSN~'06",
  year		= "2006",
  series	= "LNCS",
  volume	= "4193",
  pages		= "978--987"
}

@article(JWplateau,
  author    = "T. Jansen and I. Wegener",
  title     = "Evolutionary algorithms - how to cope with plateaus of constant fitness and when to reject strings of the same fitness",
  year      = "2001",
  journal   = "IEEE Trans. Evolutionary Computation",
  volume    = "5(6)",
  pages     = "589--599"
)

@article{STWsorting,
  author    = "J. Scharnow and K. Tinnefeld and I. Wegener",
  title     = "The Analysis of Evolutionary Algorithms on Sorting and Shortest Paths Problems",
  journal   = "Journal of Mathematical Modelling and Algorithms",
  pages     = "349--366",
  year      = "2004"
}


@article{JWAlgo,
  author    = "T. Jansen and I. Wegener",
  title     = "The Analysis of Evolutionary Algorithms - A Proof That Crossover Really Can Help",
  journal   = "Algorithmica",
  pages     = "47--66",
  volume    = "34(1)",
  year      = "2002"
}
@inproceedings{GielWegenerSTACS03,
  author    = "Giel, O. and Wegener, I.",
  title     = "Evolutionary Algorithms and the Maximum Matching
               Problem",
  booktitle = "Proceedings\ of STACS~'03",
  series    = "LNCS",
  volume    = "2607",
  pages     = "415--426",
  year      = "2003"
}

@inproceedings{JansenSudholt2005,
  author    = "T. Jansen and D. Sudholt",
  title     = "Design and analysis of an asymmetric mutation operator",
  booktitle = "Proceedings\ of CEC~'05",
  year      = "2005",
  series    = "IEEE Press",
  pages     = "497--504"
}

@inproceedings{JaeSto2006,
  author    = "J. J{\"a}gersk{\"u}pper and T. Storch",
  title     = "How Comma Selection Helps with the Escape from Local Optima",
  booktitle = "Proceedings\ of PPSN~'06",
  year      = "2006",
  series    = "LNCS",
  volume    = "4193",
  pages     = "52--61"
}

@inproceedings{JaeSto2007,
  author    = "J. J{\"a}gersk{\"u}pper and T. Storch",
  title     = "When the Plus Strategy Outperforms the Comma Strategy - and When Not",
  booktitle = "Proceedings\ of FOCI~'07",
  year      = "2007",
}

@inproceedings{Giel2003,
  author    = "O. Giel",
  title     = "Expected runtimes of a simple multi-objective evolutionary algorithm. ",
  booktitle = "Proceedings\ of CEC~'03",
  year      = "2003",
  series    = "IEEE Press",
  pages     = "1918--1925"
}

@inproceedings{NeumannWegenerGECCO04,
  author    = "F. Neumann and I. Wegener",
  title     = "Randomized local search, evolutionary algorithms,
               and the minimum spanning tree problem",
  booktitle = "Proceedings\ of GECCO~'04",
  year      = "2004",
  series    = "LNCS",
  volume    = "3102",
  pages     = "713--724"
}

@inproceedings{Mue1992,
  author    = "H. M{\"u}hlenbein",
  title     = "How genetic algorithms really work: mutation and hillclimbing",
  booktitle = "Proceedings\ of PPSN~'92",
  year      = "1992",
  pages     = "15--26",
  publisher = "Elsevier"
}

@inproceedings{NeumannMult2004,
  author    = "F. Neumann",
  title     = "Expected runtimes of a simple evolutionary algorithm for the multi-objective minimum spanning tree problem",
  booktitle = "Proceedings\ of PPSN~'04",
  year      = "2004",
  series    = "LNCS",
  volume    = "3242", 
  pages     = "80--89",
}

@inproceedings{NeumannWegener2005,
  author    = "F. Neumann and I. Wegener",
  title     = "Minimum Spanning Trees Made Easier Via Multi-Objective Optimization",
  booktitle = "Proceedings\ of GECCO~'05",
  year      = "2005",
  pages     = "763--770",
  publisher = "ACM Press"
}

@inproceedings{Ras2002,
  author    = "R. K. Ursem",
  title     = "Diversity-Guided Evolutionary Algorithms",
  booktitle = "Proceedings\ of PPSN~'02",
  year      = "2002",
  series    = "LNCS",
  volume    = "2439", 
  pages     = "462--474",
}

@inproceedings{WittWorstCaseAverageCase,
  author    = "C. Witt",
  title     = "Worst-Case and Average-Case Approximations
               by Simple Randomized Search Heuristics",
  year      = "2005",
  booktitle = "Proceedings\ of STACS~'05",
  series    = "LNCS",
  volume    = "3404",
  pages     = "44--56"
}

@inproceedings{Witt2004,
  author    = "C. Witt",
  title     = "An Analysis of the ($\mu$+1) EA on Simple Pseudo-Boolean Functions",
  year      = "2004",
  booktitle = "Proceedings\ of GECCO~'04",
  series    = "LNCS",
  volume    = "3102",
  pages     = "761--773"
}

@inproceedings{Storch2004,
  author    = "T. Storch",
  title     = "On the Choice of the Population Size",
  year      = "2004",
  booktitle = "Proceedings\ of GECCO~'04",
  series    = "LNCS",
  volume    = "3102",
  pages     = "748--760"
}

@inproceedings{SudGECCO2005,
  author    = "D. Sudholt",
  title     = "Crossover is provably essential for the ising model on trees",
  year      = "2005",
  booktitle = "Proceedings\ of GECCO~'05",
  pages     = "1161--1167",
  publisher = "ACM Press"
}

@book{HabilScheideler,
  author    = "C. Scheideler",
  title     = "Probabilistic Methods for Coordination Problems",
  year      = "2000",
  publisher = "HNI-Verlagsschriftenreihe 78, University of Paderborn",
  note      = "Habilitation Thesis, available at \texttt{http://www14.in.tum.de/personen/scheideler/index.html.en}"
}


@inproceedings{NeumannWittISAAC06,
  author    = "F. Neumann and C. Witt",
  title     = "Runtime Analysis of a Simple Ant Colony Optimization Algorithm",
  booktitle = "Proceedings\ of ISAAC~'06",
  series    = "LNCS",
  volume    = "4288",
  year      = "2006",
  publisher = "Springer",
  pages     = "618--627"
}

@inproceedings{neumanncec04,
  author	= "F. Neumann",
  title		= "Expected Runtimes of Evolutionary Algorithms for the
		  Eulerian Cycle Problem",
  booktitle	= "Proceedings\ of CEC~'04",
  year		= "2004",
  series	= "IEEE Press",
  volume	= "1",
  pages		= "904--910"
}

@book{CormenAlgorithms,
  author    = "T. H. Cormen and C. E. Leiserson and R. L. Rivest and C. Stein",
  title     = "Introduction to Algorithms",
  publisher = "MIT~Press",
  year      = "2001",
  language  = "english",
  edition   = "2."
}

@inproceedings{BroderGenerating,
  author    = "A. Broder", 
  title     = "Generating random spanning trees",
  booktitle = "Proceedings\ of FOCS~'89",  
  pages     = "442--447", 
  year      = "1989"
}

@inproceedings{WilsonGenerating,
  author    = "D. B. Wilson", 
  title     = "Generating random spanning trees more quickly than the cover time",
  booktitle = "Proceedings of STOC~'96",  
  pages     = "296--303  ", 
  year      = "1996"
}

@inproceedings{NeumannWittMSTECCC,
  author    = "F. Neumann and C. Witt",
  title     = "Ant Colony Optimization and the Minimum Spanning Tree Problem",
  booktitle = "Electronic Colloquium on Computational Complexity (ECCC)",
  year      = "2006", 
  note      = "Report No. 143"
}


@article{HarikCGM99,
  author    = {Georges R. Harik and
               Erick Cant{\'u}-Paz and
               David E. Goldberg and
               Brad L. Miller},
  title     = {The Gambler's Ruin Problem, Genetic Algorithms, and the
               Sizing of Populations},
  journal   = {Evolutionary Computation},
  volume    = {7},
  number    = {3},
  year      = {1999},
  pages     = {231-253},
  bibsource = {DBLP, http://dblp.uni-trier.de}
}


@book{BookGoldberg,
author = {David E. Goldberg},
title = {Genetic Algorithms in Search Optimization and Machine Learning},
publisher={Addison-Wesley},
year={1989}
}



@inproceedings{MagniezNRS09,
  author    = {Fr{\'e}d{\'e}ric Magniez and
               Ashwin Nayak and
               Peter C. Richter and
               Miklos Santha},
  title     = {On the hitting times of quantum versus random walks},
  booktitle = {SODA},
  year      = {2009},
  pages     = {86-95},
  ee        = {http://doi.acm.org/10.1145/1496770.1496780},
  bibsource = {DBLP, http://dblp.uni-trier.de},
}

@article{Aaronson06,
  author    = {Scott Aaronson},
  title     = {Lower Bounds for Local Search by Quantum Arguments},
  journal   = {SIAM J. Comput.},
  volume    = {35},
  number    = {4},
  year      = {2006},
  pages     = {804--824},
  ee        = {http://epubs.siam.org/SICOMP/volume-35/art_44723.html},
}

@inproceedings{BerzinaDFLS04,
  author    = {Aija Berzina and
               Andrej Dubrovsky and
               Rusins Freivalds and
               Lelde Lace and
               Oksana Scegulnaja},
  title     = {Quantum Query Complexity for Some Graph Problems},
  booktitle = {SOFSEM},
  year      = {2004},
  pages     = {140-150},
  ee        = {http://springerlink.metapress.com/openurl.asp?genre=article{\&}issn=0302-9743{\&}volume=2932{\&}spage=140},
  bibsource = {DBLP, http://dblp.uni-trier.de}
}


@inproceedings{DurrHHM04,
  author    = {Christoph D{\"u}rr and
               Mark Heiligman and
               Peter H{\o}yer and
               Mehdi Mhalla},
  title     = {Quantum Query Complexity of Some Graph Problems},
  booktitle = {ICALP},
  year      = {2004},
  pages     = {481-493},
  ee        = {http://springerlink.metapress.com/openurl.asp?genre=article{\&}issn=0302-9743{\&}volume=3142{\&}spage=481},
  bibsource = {DBLP, http://dblp.uni-trier.de}
}

@article{DurrH96,
  author    = {Christoph D{\"u}rr and
               Peter H{\o}yer},
  title     = {A Quantum Algorithm for Finding the Minimum},
  journal   = {CoRR},
  volume    = {quant-ph/9607014},
  year      = {1996},
  ee        = {http://arxiv.org/abs/quant-ph/9607014},
  bibsource = {DBLP, http://dblp.uni-trier.de}
}

@article{DurrHHM06,
  author    = {Christoph D{\"u}rr and
               Mark Heiligman and
               Peter H{\o}yer and
               Mehdi Mhalla},
  title     = {Quantum Query Complexity of Some Graph Problems},
  journal   = {SIAM J. Comput.},
  volume    = {35},
  number    = {6},
  year      = {2006},
  pages     = {1310-1328},
  ee        = {http://dx.doi.org/10.1137/050644719},
  bibsource = {DBLP, http://dblp.uni-trier.de}
}

@inproceedings{Grover96,
  author    = {Lov K. Grover},
  title     = {A Fast Quantum Mechanical Algorithm for Database Search},
  booktitle = {STOC},
  year      = {1996},
  pages     = {212-219},
}

@article{BoyerBHT98,
 author  = {Michel Boyer and Gilles Brassard and Peter H{\o}yer and Alain Tapp},
 title   = {Tight Bounds on Quantum Searching},
 journal = {Fortschr. Physik},
 volume  = {46},
 number  = {4-5},
 pages   = {493-505},
 year    = {1998}
}

@article{HoyerNS02,
  author    = {Peter H{\o}yer and
               Jan Neerbek and
               Yaoyun Shi},
  title     = {Quantum Complexities of Ordered Searching, Sorting, and
               Element Distinctness},
  journal   = {Algorithmica},
  volume    = {34},
  number    = {4},
  year      = {2002},
  pages     = {429-448},
  ee        = {http://link.springer.de/link/service/journals/00453/contents/02/0976/index.html},
  bibsource = {DBLP, http://dblp.uni-trier.de}
}


@inproceedings{SanthaS04,
  author    = {Miklos Santha and
               Mario Szegedy},
  title     = {Quantum and classical query complexities of local search
               are polynomially related},
  booktitle = {STOC},
  year      = {2004},
  pages     = {494-501},
  ee        = {http://doi.acm.org/10.1145/1007352.1007427},
  bibsource = {DBLP, http://dblp.uni-trier.de}
}

@inproceedings{MagniezNRS07,
  author    = {Fr{\'e}d{\'e}ric Magniez and
               Ashwin Nayak and
               Jeremie Roland and
               Miklos Santha},
  title     = {Search via quantum walk},
  booktitle = {STOC},
  year      = {2007},
  pages     = {575-584},
  ee        = {http://doi.acm.org/10.1145/1250790.1250874},
  bibsource = {DBLP, http://dblp.uni-trier.de}
}

@inproceedings{Santha08,
  author    = {Miklos Santha},
  title     = {Quantum Walk Based Search Algorithms},
  booktitle = {TAMC},
  year      = {2008},
  pages     = {31-46},
  ee        = {http://dx.doi.org/10.1007/978-3-540-79228-4_3},
  bibsource = {DBLP, http://dblp.uni-trier.de}
}

@article{SanthaS09,
  author    = {Miklos Santha and
               Mario Szegedy},
  title     = {Quantum and Classical Query Complexities of Local Search
               Are Polynomially Related},
  journal   = {Algorithmica},
  volume    = {55},
  number    = {3},
  year      = {2009},
  pages     = {557-575},
  ee        = {http://dx.doi.org/10.1007/s00453-008-9169-z},
  bibsource = {DBLP, http://dblp.uni-trier.de}
}

@inproceedings{SpectorBBS99,
title={Finding a better-than-classical quantum AND/OR algorithm using genetic programming},
author={Spector, L. and Barnum, H. and Bernstein, H.J. and Swamy, N.},
booktitle={Evolutionary Computation},
year={1999},
volume={3},
pages={2239-2246},
keywords={algorithm theory, evolutionary computation, quantum computing, trees (mathematics)better-than-classical quantum AND/OR algorithm, depth-two AND/OR tree problem, genetic programming, quantum algorithm evaluation, quantum computer simulator},
doi={10.1109/CEC.1999.785553},
}

@inproceedings{Szegedy04,
  author    = {Mario Szegedy},
  title     = {Quantum Speed-Up of Markov Chain Based Algorithms},
  booktitle = {FOCS},
  year      = {2004},
  pages     = {32-41},
  ee        = {http://csdl.computer.org/comp/proceedings/focs/2004/2228/00/22280032abs.htm},
  bibsource = {DBLP, http://dblp.uni-trier.de}
}


@phdthesis{Zhangthesis06,
 author = {Zhang, Shengyu},
 title = {New quantum algorithms and quantum lower bounds},
 year = {2006},
 isbn = {978-0-542-65057-4},
 order_no = {AAI3214598},
 publisher = {Princeton University},
 address = {Princeton, NJ, USA},
 }


@inproceedings{Zhang06,
  author    = {Shengyu Zhang},
  title     = {New upper and lower bounds for randomized and quantum local
               search},
  booktitle = {STOC},
  year      = {2006},
  pages     = {634-643},
  ee        = {http://doi.acm.org/10.1145/1132516.1132605},
  bibsource = {DBLP, http://dblp.uni-trier.de}
}

@inproceedings{LiR07,
  author    = {Zhiyong Li and
               G{\"u}nter Rudolph},
  title     = {A framework of quantum-inspired multi-objective evolutionary
               algorithms and its convergence condition},
  booktitle = {GECCO},
  year      = {2007},
  pages     = {908},
  ee        = {http://doi.acm.org/10.1145/1276958.1277138},
  bibsource = {DBLP, http://dblp.uni-trier.de}
}

@inproceedings{ZhouZHW05,
  author    = {Wengang Zhou and
               Chunguang Zhou and
               Yanxin Huang and
               Yan Wang},
  title     = {Analysis of Gene Expression Data: Application of Quantum-Inspired
               Evolutionary Algorithm to Minimum Sum-of-Squares Clustering},
  booktitle = {RSFDGrC (2)},
  year      = {2005},
  pages     = {383-391},
  ee        = {http://dx.doi.org/10.1007/11548706_40},
  bibsource = {DBLP, http://dblp.uni-trier.de}
}

@inproceedings{NarayananM96,
  author    = {Ajit Narayanan and
               Mark Moore},
  title     = {Quantum Inspired Genetic Algorithms},
  booktitle = {International Conference on Evolutionary Computation},
  year      = {1996},
  pages     = {61-66},
  bibsource = {DBLP, http://dblp.uni-trier.de}
}

@article{HanK02,
  author    = {Kuk-Hyun Han and
               Jong-Hwan Kim},
  title     = {Quantum-inspired evolutionary algorithm for a class of combinatorial
               optimization},
  journal   = {IEEE Trans. Evolutionary Computation},
  volume    = {6},
  number    = {6},
  year      = {2002},
  pages     = {580-593},
  bibsource = {DBLP, http://dblp.uni-trier.de}
}

@inproceedings{LiLR07,
  author    = {Zhiyong Li and
               Zhe Li and
               G{\"u}nter Rudolph},
  title     = {On the Convergence Properties of Quantum-Inspired Multi-Objective
               Evolutionary Algorithms},
  booktitle = {ICIC (3)},
  year      = {2007},
  pages     = {245-255},
  ee        = {http://dx.doi.org/10.1007/978-3-540-74282-1_28},
  bibsource = {DBLP, http://dblp.uni-trier.de}
}

@inproceedings{XiaoYLYZ08,
  author    = {Jing Xiao and
               YuPing Yan and
               Ying Lin and
               Ling Yuan and
               Jun Zhang},
  title     = {A Quantum-inspired Genetic Algorithm for data clustering},
  booktitle = {IEEE Congress on Evolutionary Computation},
  year      = {2008},
  pages     = {1513-1519},
  ee        = {http://dx.doi.org/10.1109/CEC.2008.4630993},
  bibsource = {DBLP, http://dblp.uni-trier.de}
}

@inproceedings{ZhangZPW08,
  author    = {Jingling Zhang and
               Yanwei Zhao and
               Dian-Jun Peng and
               Wanliang Wang},
  title     = {A Hybrid Quantum-Inspired Evolutionary Algorithm for Capacitated
               Vehicle Routing Problem},
  booktitle = {ICIC (1)},
  year      = {2008},
  pages     = {31-38},
  ee        = {http://dx.doi.org/10.1007/978-3-540-87442-3_5},
  bibsource = {DBLP, http://dblp.uni-trier.de}
}

@inproceedings{AraujoNM08,
  author    = {Marcos Paulo Mello Araujo and
               Nadia Nedjah and
               Luiza de Macedo Mourelle},
  title     = {Optimised State Assignment for FSMs Using Quantum Inspired
               Evolutionary Algorithm},
  booktitle = {ICES},
  year      = {2008},
  pages     = {332-341},
  ee        = {http://dx.doi.org/10.1007/978-3-540-85857-7_29},
  bibsource = {DBLP, http://dblp.uni-trier.de}
}

@inproceedings{MahdabiJA08,
  author    = {Parvaz Mahdabi and
               Saeed Jalili and
               Mahdi Abadi},
  title     = {A multi-start quantum-inspired evolutionary algorithm for solving combinatorial optimization problems},
  booktitle = {GECCO},
  year      = {2008},
  pages     = {613-614},
  ee        = {http://doi.acm.org/10.1145/1389095.1389218},
  bibsource = {DBLP, http://dblp.uni-trier.de}
}

@article{ZhangGW08,
  author    = {Gexiang Zhang and
               Marian Gheorghe and
               Chao-Zhong Wu},
  title     = {A Quantum-Inspired Evolutionary Algorithm Based on P systems for Knapsack Problem},
  journal   = {Fundam. Inform.},
  volume    = {87},
  number    = {1},
  year      = {2008},
  pages     = {93-116},
  ee        = {http://iospress.metapress.com/content/32125163p0w30043/},
  bibsource = {DBLP, http://dblp.uni-trier.de}
}

@inproceedings{LiSGS09,
  author    = {Yangyang Li and
               Hongzhu Shi and
               Maoguo Gong and
               Ronghua Shang},
  title     = {Quantum-inspired evolutionary clustering algorithm based on manifold distance},
  booktitle = {GEC Summit},
  year      = {2009},
  pages     = {871-874},
  ee        = {http://doi.acm.org/10.1145/1543834.1543963},
  bibsource = {DBLP, http://dblp.uni-trier.de}
}

@inproceedings{WangWF09,
  author    = {Ling Wang and
               Xiuting Wang and
               Minrui Fei},
  title     = {A novel quantum-inspired pseudorandom proportional evolutionary algorithm for the multidimensional knapsack problem},
  booktitle = {GEC Summit},
  year      = {2009},
  pages     = {545-552},
  ee        = {http://doi.acm.org/10.1145/1543834.1543908},
  bibsource = {DBLP, http://dblp.uni-trier.de},
}

@article{XingJBLQW09,
  author    = {Huanlai Xing and
               Yuefeng Ji and
               Lin Bai and
               Xin Liu and
               Zhijian Qu and
               Xiaoling Wang},
  title     = {An adaptive-evolution-based quantum-inspired evolutionary algorithm for QoS multicasting in IP/DWDM networks},
  journal   = {Computer Communications},
  volume    = {32},
 number    = {6},
  year      = {2009},
  pages     = {1086-1094},
  ee        = {http://dx.doi.org/10.1016/j.comcom.2008.12.036},
  bibsource = {DBLP, http://dblp.uni-trier.de}
}

@inproceedings{ZhangS06,
 author = {Zhang, Shengyu},
 title = {New upper and lower bounds for randomized and quantum local search},
 booktitle = {STOC '06: Proceedings of the thirty-eighth annual ACM symposium on Theory of computing},
 year = {2006},
 isbn = {1-59593-134-1},
 pages = {634--643},
 location = {Seattle, WA, USA},
 doi = {http://doi.acm.org/10.1145/1132516.1132605},
 publisher = {ACM},
 address = {New York, NY, USA},
 }

@article{Ambainis06,
  author    = {Andris Ambainis},
  title     = {Polynomial degree vs. quantum query complexity},
  journal   = {J. Comput. Syst. Sci.},
  volume    = {72},
  number    = {2},
  year      = {2006},
  pages     = {220-238},
  ee        = {http://dx.doi.org/10.1016/j.jcss.2005.06.006},
  bibsource = {DBLP, http://dblp.uni-trier.de}
}

@inproceedings{Ambainis08,
  author    = {Andris Ambainis},
  title     = {Quantum Random Walks - New Method for Designing Quantum Algorithms},
  booktitle = {SOFSEM},
  year      = {2008},
  pages     = {1-4},
  ee        = {http://dx.doi.org/10.1007/978-3-540-77566-9_1},
  bibsource = {DBLP, http://dblp.uni-trier.de}
}

@article{Ambainis2002,
 author = {Ambainis, Andris},
 title = {Quantum lower bounds by quantum arguments},
 journal = {J. Comput. Syst. Sci.},
 volume = {64},
 number = {4},
 year = {2002},
 issn = {0022-0000},
 pages = {750--767},
 doi = {http://dx.doi.org/10.1006/jcss.2002.1826},
 publisher = {Academic Press, Inc.},
 address = {Orlando, FL, USA},
 }


@article{AmbainisSW09,
  author    = {Andris Ambainis and
               Robert Spalek and
               Ronald de Wolf},
  title     = {A New Quantum Lower Bound Method, with Applications to Direct Product Theorems and Time-Space Tradeoffs},
  journal   = {Algorithmica},
  volume    = {55},
  number    = {3},
  year      = {2009},
  pages     = {422-461},
  ee        = {http://dx.doi.org/10.1007/s00453-007-9022-9},
  bibsource = {DBLP, http://dblp.uni-trier.de}
}

@article{BealsBCM2001,
 author = {Beals, Robert and Buhrman, Harry and Cleve, Richard and Mosca, Michele and de Wolf, Ronald},
 title = {Quantum lower bounds by polynomials},
 journal = {J. ACM},
 volume = {48},
 number = {4},
 year = {2001},
 issn = {0004-5411},
 pages = {778--797},
 doi = {http://doi.acm.org/10.1145/502090.502097},
 publisher = {ACM},
 address = {New York, NY, USA},
}

@article{BennetBBGV1997,
 author = {Bennett, Charles H. and Bernstein, Ethan and Brassard, Gilles and Vazirani, Umesh},
 title = {Strengths and Weaknesses of Quantum Computing},
 journal = {SIAM J. Comput.},
 volume = {26},
 number = {5},
 year = {1997},
 issn = {0097-5397},
 pages = {1510--1523},
 doi = {http://dx.doi.org/10.1137/S0097539796300933},
 publisher = {Society for Industrial and Applied Mathematics},
 address = {Philadelphia, PA, USA},
 }



@article{AmbainisCGT09,
  author    = {Andris Ambainis and
               Andrew M. Childs and
               Fran\c{c}ois Le Gall and
               Seiichiro Tani},
  title     = {The quantum query complexity of certification},
  journal   = {CoRR},
  volume    = {abs/0903.1291},
  year      = {2009},
  ee        = {http://arxiv.org/abs/0903.1291},
  bibsource = {DBLP, http://dblp.uni-trier.de}
}

@inproceedings{HoyerNS01,
 author = {H{\o}yer, Peter and Neerbek, Jan and Shi, Yaoyun},
 title = {Quantum Complexities of Ordered Searching, Sorting, and Element Distinctness},
 booktitle = {ICALP},
 year = {2001},
 isbn = {3-540-42287-0},
 pages = {346--357},
 publisher = {Springer-Verlag},
 address = {London, UK},
 }

@book{nielsenchuang:book,
        author="Michael A Nielsen and Issac L Chuang",
        title="Quantum Computation and Quantum Information",
        year=2000,
        publisher="Cambridge University Press",
        address="Cambridge, United Kingdom",
}

@inproceedings{brassard98quantum,
  author    = {Gilles Brassard and
               Peter H{\o}yer and
               Alain Tapp},
  title     = {Quantum Counting},
  booktitle = {ICALP},
  year      = {1998},
  pages     = {820-831},
  ee        = {http://link.springer.de/link/service/series/0558/bibs/1443/14430820.htm},
  bibsource = {DBLP, http://dblp.uni-trier.de}
}


@Article{Zalka99,
  title = {Grover\char39{}s quantum searching algorithm is optimal},
  author = {Zalka, Christof },
  journal = {Phys. Rev. A},
  volume = {60},
  number = {4},
  pages = {2746--2751},
  numpages = {5},
  year = {1999},
  month = {Oct},
  publisher = {American Physical Society}
}

@book{MitzemacherU05,
 author = {Mitzenmacher, Michael and Upfal, Eli},
 title = {Probability and Computing: Randomized Algorithms and Probabilistic Analysis},
 year = {2005},
 isbn = {0521835402},
 publisher = {Cambridge University Press},
 address = {New York, NY, USA},
 }
